2352 3808
1069 146 1140 199 63

255 323 575 382 Decenter
636 335 846 380 tamen
911 319 983 380 et¹
1038 319 1488 381 rationabiliter
1551 317 1869 379 concilium
1933 340 2081 380 con—

120 423 307 471 vocat
353 423 616 490 propter
663 422 959 489 quatuor:
1018 406 1087 468 1⁰
1134 411 1375 469 ratione
1425 406 1897 479 consultationiS,
1947 429 2083 466 cum

119 498 298 559 videl.
347 498 548 579 aliqua
596 498 949 578 ponderosa
991 498 1344 558 diffinienda
1380 510 1721 569 occurrunt,
1770 497 1828 554 in
1863 497 2080 575 quibus

121 610 199 648 ex
245 587 577 648 multorum
624 587 964 666 sapientum
1013 586 1268 646 concilio
1316 586 1516 646 sanior
1547 579 1692 664 pars
1727 586 1863 664 capi
1888 585 2081 664 possit.

128 673 200 736 2⁰
247 678 488 737 ratione
537 677 990 754 impetrationis
1040 676 1159 735 five
1210 676 1525 747 orationiS,
1574 689 1639 734 ut
1671 673 1850 734 videl.
1884 674 2081 734 domi—

122 787 233 825 nus
286 764 695 844 multiplicatis
760 766 1251 824 intercessoribus
1300 763 1616 845 largiatur,
1674 784 1835 843 quae
1885 763 2080 822 eccle-

118 854 236 914 fiae
299 854 519 914 viderit
583 855 888 933 expediri3
952 855 1091 934 quia
1158 854 1256 913 ubi
1320 854 1544 912 fuerint
1606 854 1732 912 duo
1791 851 1891 912 vel
1952 866 2080 912 tres

120 949 495 1024 congregati
543 943 600 1001 in
651 944 898 1003 nomine
949 963 1108 1015 meO,
1158 942 1283 1002 sum
1332 943 1389 1002 in
1439 942 1644 1001 medio
1695 963 1929 1001 eorum.
1999 941 2082 1000 Et

118 1032 155 1091 fi
203 1033 328 1092 duo
379 1053 456 1091 ex
501 1032 680 1091 vobis
729 1031 1136 1092 consenserint
1185 1033 1264 1091 de
1300 1032 1466 1092 omni
1514 1052 1581 1090 re
1631 1051 2079 1110 quamcumque

117 1121 426 1200 petierint,
473 1121 580 1180 fiet
627 1121 823 1194 vobiS,
873 1121 1092 1180 Matth.
1124 1121 1333 1180 XVIII.
1431 1117 1505 1197 3⁰
1552 1121 1794 1179 ratione
1844 1138 2077 1199 appro-

115 1210 399 1282 bationis,
448 1208 587 1270 licet
636 1211 798 1269 enim
845 1231 1014 1289 papa
1046 1231 1160 1288 per
1193 1209 1462 1288 seipsum,
1511 1209 1774 1268 maxime
1809 1210 1888 1268 de
1931 1228 2078 1268 con-

118 1297 251 1359 cilio
301 1299 399 1358 dd.
448 1297 842 1358 cardinalium
890 1298 1068 1377 posfit
1119 1319 1369 1357 omnem
1417 1297 1626 1379 legem
1675 1299 1965 1369 condere,
2014 1310 2079 1356 ut

116 1385 500 1466 praediffium
549 1387 659 1460 est,
719 1402 926 1447 tamen
977 1386 1213 1447 salubre
1264 1401 1326 1446 et
1374 1385 1521 1446 utile
1572 1386 1683 1459 est,
1745 1401 1810 1446 ut
1869 1386 2077 1465 hujus-

116 1477 283 1537 modi
330 1475 527 1558 legeS,
591 1498 751 1556 quae
801 1478 1034 1537 bonum
1083 1475 1371 1536 ecclesiae
1421 1475 1772 1535 universalis
1823 1496 2077 1535 concer-

116 1578 283 1638 nunt,
331 1566 389 1624 in
438 1565 693 1626 concilio
744 1565 1088 1626 traffitentur
1137 1580 1201 1625 et
1248 1564 1743 1646 promulgentur,
1792 1578 1857 1624 ut
1907 1565 2078 1644 quod

115 1674 333 1714 omnes
396 1655 613 1736 tangit,
671 1656 749 1714 ab
799 1656 1082 1716 omnibus
1134 1655 1535 1734 approbetur.
1628 1655 1728 1714 Sic
1777 1655 1938 1713 enim
1987 1655 2076 1713 fa-

115 1742 279 1803 cilius
337 1742 516 1824 leges
575 1743 972 1823 suscipiuntur
1032 1758 1095 1804 et
1143 1743 1431 1804 libentius
1493 1745 1841 1803 executioni
1901 1764 2075 1802 man-

115 1833 354 1892 dantur.
473 1830 551 1909 4⁰
614 1836 856 1894 ratione
935 1834 1575 1894 commemorationis:
1663 1832 1833 1892 multi
1915 1834 2078 1891 enim

115 1920 273 1982 oculi
319 1922 547 1994 vident,
597 1944 757 2002 quae
805 1923 1016 2002 paucis
1066 1943 1191 1982 non
1241 1936 1583 1995 occurrunt,
1633 1923 1795 1981 unde
1845 1920 1985 1980 licet
2019 1922 2077 1980 in

114 2011 183 2070 ds
217 2031 385 2090 papa
432 2012 500 2071 s1t
546 2011 867 2090 plenitudo
907 2011 1366 2091 jurisditfftioniS,
1418 2033 1541 2072 non
1591 2025 1801 2070 tamen
1851 2032 1928 2070 ex
1960 2011 2079 2070 hoc

116 2099 202 2159 est
259 2101 317 2159 in
378 2119 457 2159 eo
517 2099 838 2179 plenitudo
900 2103 1287 2183 cognitionis,
1348 2103 1612 2160 maxime
1669 2101 1727 2159 in
1775 2101 1865 2159 his
1915 2121 2076 2179 quae

116 2190 174 2248 in
221 2187 386 2249 facto
435 2190 754 2250 consistunt
801 2190 1161 2270 praesertim
1209 2204 1473 2270 propter
1519 2191 1722 2249 varias
1757 2203 1820 2248 et
1854 2187 2075 2248 multas

116 2279 556 2357 occupationes
603 2278 736 2339 suas
786 2281 1059 2359 quotidie
1110 2292 1522 2340 occurrentes,
1614 2279 1696 2338 Et
1744 2279 1886 2339 ideo
1936 2277 2075 2357 pos-

115 2366 246 2426 sunt
294 2367 414 2426 esse
463 2366 654 2427 multa
703 2369 1075 2442 ordinanda,
1140 2365 1542 2428 reformanda
1590 2381 1653 2427 et
1702 2368 2076 2448 corrigenda

116 2457 171 2515 in
222 2456 468 2515 diversis
516 2457 792 2535 partibus
841 2459 1065 2530 mundi,
1113 2479 1274 2537 quae
1323 2459 1402 2517 ad
1452 2458 1583 2536 ejus
1634 2457 1914 2516 notitiam
1948 2477 2072 2517 non

114 2543 246 2604 sunt
309 2543 535 2617 delata,
599 2567 759 2625 quae
824 2559 1034 2605 tamen
1097 2546 1228 2605 sunt
1290 2560 1442 2606 nota
1504 2545 1630 2617 illis,
1695 2547 1794 2625 qui
1854 2546 1912 2604 in
1961 2544 2071 2604 illis

115 2634 394 2713 partibus
428 2635 682 2715 degunt.
746 2635 829 2694 Et
861 2635 1003 2695 ideo
1046 2633 1282 2694 salubre
1332 2635 1431 2707 est,
1481 2636 1650 2714 quod
1698 2635 1777 2693 de
1827 2633 2070 2715 fingulis

114 2722 392 2802 partibus
441 2724 814 2783 conveniant
861 2725 1123 2783 maxime
1183 2723 1474 2803 praelati,
1534 2724 1634 2803 qui
1694 2723 1798 2782 ista
1858 2722 2072 2782 melius

115 2812 282 2872 nosse
332 2824 396 2871 et
443 2813 739 2893 cogitasse
788 2813 1151 2886 debuerunt,
1202 2834 1466 2893 quorum
1509 2810 1719 2893 singuli
1753 2825 2074 2891 exponunt

115 2901 173 2960 in
222 2900 478 2961 concilio
528 2902 582 2961 d.
630 2922 855 2981 papae,
905 2923 1065 2982 quae
1116 2903 1490 2981 exponenda
1538 2903 1839 2975 videntur,
1896 2900 2074 2980 super

116 2990 332 3070 quibus
391 2990 446 3049 d.
493 3011 661 3069 papa
719 2990 888 3049 sacro
953 3004 1360 3051 concurrente
1425 2989 1679 3050 concilio
1744 2991 2074 3069 provideat

115 3079 195 3138 de
242 3077 485 3160 legibus
536 3092 599 3138 et
648 3080 934 3139 remediis
986 3081 1371 3159 opportunis,
1463 3080 1545 3139 Et
1594 3092 1887 3139 notanter
1934 3080 2071 3140 dico

115 3181 537 3241 concurrente,
587 3188 712 3227 non
753 3169 1180 3247 approbante3
1231 3170 1586 3248 approbare
1623 3169 1784 3227 enim
1816 3169 2072 3247 proprie

116 3254 430 3335 loquendo
479 3258 750 3336 pertinet
798 3259 878 3316 ad
926 3257 1319 3337 superiorem,
1368 3259 1531 3317 unde
1580 3257 1617 3315 s1
1667 3258 1723 3315 in
1772 3255 2071 3337 aliquibus

116 3345 379 3405 decretis
427 3345 822 3406 conciliorum
871 3347 1213 3406 inveniatur
1260 3368 1491 3425 papam
1539 3344 1765 3426 aliquid
1812 3346 2070 3406 statuisse

114 3432 284 3494 sacro
333 3435 729 3514 approbante
778 3434 1064 3508 concilio,
1124 3437 1360 3514 capitur
1418 3435 1497 3494 ibi
1556 3435 1912 3514 approbare
1961 3437 2069 3495 im-

116 3523 387 3601 proprie,
435 3538 625 3602 prout
670 3522 1078 3603 supradiffitum
1128 3523 1222 3598 est,
1259 3525 1337 3583 de
1371 3522 1550 3597 velle,
1598 3523 1786 3603 prout
1834 3525 2068 3584 dicere-
