2352 3808
1044 107 1153 189 35⁸

87 314 458 396 respublica
506 327 756 376 tenetur
802 315 884 374 ad
933 314 1467 375 conservationem
1526 310 1676 372 illius
1724 314 2061 392 potestatiS,

102 427 140 466 a
172 426 295 486 qua
328 405 648 485 dependet
681 403 913 464 bonum
949 403 1124 482 ipfius
1159 401 1549 482 reipublicae,
1585 402 1819 463 bonum
1853 416 2062 463 autem

17 535 21 539 -
102 496 292 556 totius
341 492 713 574 reipublicae
757 492 1110 552 christianae
1144 492 1445 571 potissime
1479 492 1800 572 dependet
1833 513 1910 552 ex
1941 511 2058 571 po-

102 583 319 645 testate
367 604 592 664 papae,
652 582 820 661 cujus
881 582 965 642 est
1013 582 1302 642 ordinare
1363 595 1561 642 totam
1610 580 1939 656 ecclesiam,
1996 595 2061 642 et

99 674 334 756 gradus
368 686 431 733 et
458 667 658 733 status
704 671 836 751 ejus
886 690 1045 753 ergo
1080 670 1187 732 &e
1256 671 1337 732 Et
1372 671 1767 732 confirmatur
1814 671 2059 731 ratione

102 761 378 836 naturali,
427 782 588 843 quae
636 760 865 834 suadet,
914 761 1195 821 membra
1230 761 1544 821 subsidium
1592 762 1826 821 debere
1875 782 2059 840 prae—

100 851 255 912 stare
303 852 510 931 capiti,
560 864 624 911 et
673 852 1008 911 exercitum
1055 850 1290 911 debere
1340 849 1756 910 adminiculari
1807 871 1878 910 ac
1925 850 2059 911 sub-

99 941 321 1002 servire
370 942 522 1013 duci,
571 941 815 1001 dicente
863 938 1003 1020 phil.
1050 939 1177 1000 XII.
1225 939 1526 1019 metaph.:
1589 939 1778 1017 Quod
1825 940 2059 1000 bonum
2129 973 2132 977 ·

101 1031 403 1091 exercitus
453 1030 773 1110 dependet
822 1052 899 1090 ex
948 1031 1164 1091 ordine
1215 1031 1518 1090 exercitus
1568 1031 1648 1089 ad
1697 1030 1943 1103 ducem,
1997 1043 2060 1089 et

100 1141 178 1180 ex
224 1119 349 1199 ipso
400 1121 616 1181 ordine
666 1121 839 1180 unius
888 1121 1081 1199 partis
1121 1120 1200 1179 ἃᾶ
1249 1118 1447 1193 aliam,
1496 1119 1799 1199 potissime
1848 1132 2058 1179 tamen

100 1210 403 1270 exercitus
453 1211 533 1270 ad
581 1211 816 1270 ducem.
894 1210 1084 1290 Igitur
1131 1210 1205 1269 fic
1254 1210 1440 1269 etiam
1489 1210 1547 1268 in
1595 1208 1913 1288 propofito
1968 1210 2057 1269 di-

99 1299 360 1359 cendum
408 1299 508 1370 est,
562 1301 732 1380 quod
779 1299 1011 1360 bonurn
1060 1299 1248 1359 totius
1299 1296 1586 1358 ecclesiae
1635 1298 1734 1358 seu
1784 1318 2057 1358 commu-

100 1389 302 1449 nitatis
351 1388 705 1449 christianae
754 1389 1074 1468 dependet
1122 1410 1199 1448 ex
1246 1389 1464 1448 ordine
1513 1388 1686 1447 unius
1735 1388 1928 1467 partis
1979 1389 2059 1448 ad

59 1476 308 1551 ,aliam,
368 1492 520 1558 puta
579 1479 770 1538 curati
826 1479 906 1538 ad
963 1478 1345 1558 episcopum,
1406 1477 1673 1557 episcopi
1721 1478 1802 1537 ad
1863 1477 2057 1537 archi-

98 1567 449 1648 episcopum
491 1581 554 1628 et
586 1569 660 1628 fic
695 1569 1002 1647 ,deinceps
1052 1590 1248 1647 usque
1298 1568 1377 1627 ad
1426 1588 1673 1647 papam,
1722 1568 2057 1647 praecipue

98 1670 308 1717 autem
355 1657 585 1718 bonum
635 1656 921 1718 ecclesiae
970 1658 1289 1737 dependet
1324 1679 1400 1717 ex
1435 1657 1652 1717 ordine
1702 1658 1890 1717 totius
1940 1676 2057 1736 po-

98 1746 222 1826 puli
281 1746 573 1807 christiani
632 1748 714 1807 ad
772 1768 1021 1827 papam,
1081 1748 1138 1806 in
1188 1747 1405 1807 ordine
1467 1759 1707 1806 tantum
1766 1744 1928 1806 finali
1976 1747 2057 1806 ad

98 1835 287 1915 ipsum
345 1837 530 1896 deum
577 1851 842 1916 propter
901 1837 1070 1917 quod
1120 1837 1318 1897 omnis
1368 1835 1488 1896 alia
1542 1835 1815 1914 potestas
1864 1836 2057 1895 debet

98 1924 510 1985 adminiculari
557 1926 847 2005 potestati
894 1924 1118 2005 papali.
1176 1926 1389 2006 Itaque
1424 1926 1461 1984 si
1496 1938 1715 1985 contra
1749 1925 1906 1984 hanc
1940 1946 2056 2004 po—

98 2014 379 2075 testatem
450 2013 632 2095 aliqui
708 2015 922 2076 subditi
994 2016 1181 2074 etiam
1250 2016 1592 2095 principum
1661 2013 2056 2075 saecularium

97 2103 329 2165 vellent
375 2104 644 2165 refistere
679 2118 785 2166 aut
829 2104 1159 2186 insurgere,
1208 2105 1309 2184 ipsi
1358 2105 1666 2184 principes
1714 2102 2054 2164 saeculares

98 2194 332 2254 debent
380 2207 444 2254 et
491 2207 783 2255 tenentur
837 2193 1128 2273 subjicere
1179 2207 1242 2253 et
1289 2193 1618 2276 subjugare
1668 2195 1886 2253 eidem.
1962 2194 2056 2253 Ex

99 2282 218 2344 hoc
264 2283 546 2363 sequitur,
595 2285 765 2365 quod
797 2282 982 2344 valde
1030 2282 1370 2363 periculose
1406 2297 1469 2343 et
1516 2283 1796 2365 graviter
1845 2297 2056 2343 errant

102 2392 318 2432 omnes
367 2370 447 2431 illi
494 2374 595 2453 qui
639 2373 928 2453 potestati
975 2391 1128 2433 rom.
1164 2372 1469 2452 pontificis
1518 2394 1644 2433 non
1692 2371 1882 2432 solum
1931 2393 2055 2433 non

101 2459 606 2522 adminiculantur
655 2476 718 2522 et
765 2462 1164 2535 subserviunt,
1221 2463 1344 2523 imo
1394 2462 1528 2542 ejus
1567 2461 1710 2541 jura
1760 2475 1824 2521 et
1871 2483 2055 2541 prae-

19 2587 26 2602 <
102 2550 496 2610 eminentiam
555 2564 794 2612 temere
853 2551 1160 2630 usurpare,
1219 2552 1514 2623 minuere,
1573 2564 1679 2611 aut
1727 2565 2055 2630 quantum-

101 2637 249 2699 libet
273 2638 510 2700 violare
543 2640 951 2720 praesumunt.
1010 2641 1091 2700 Hi
1126 2641 1287 2700 enim
1314 2653 1377 2700 et
1403 2638 1826 2700 innaturaliter
1860 2653 2057 2720 agunt

102 2741 166 2789 et
212 2729 454 2790 divinae
503 2728 660 2813 legis
709 2731 1248 2810 praevaricatores
1299 2728 1554 2790 existunt
1599 2742 1662 2789 et
1697 2728 1909 2789 Christi
1941 2739 2055 2788 vo'-

101 2816 317 2879 luntati
364 2840 436 2879 ac
482 2821 855 2882 ordinationi
903 2818 1188 2892 resistunt,
1238 2841 1425 2900 quum
1472 2819 1799 2879 secundum
1847 2816 2057 2900 legem

103 2921 362 2969 naturae
421 2909 701 2970 membra
757 2909 991 2982 debent
1050 2909 1233 2988 capiti
1290 2909 1663 2981 succurrere,
1730 2907 2057 2968 secundum

101 3017 254 3058 vero
303 2996 513 3081 legem
545 2999 811 3059 divinam
843 2997 942 3059 filii
991 3012 1282 3059 tenentur
1328 2999 1689 3079 parentibus
1737 2997 2056 3058 subvenire

16 3150 19 3151 γ
84 3099 168 3147 vet
198 3085 526 3148 secundum
560 3087 771 3148 Christi
806 3089 1263 3149 ordinationem
1313 3107 1532 3148 omnes
1579 3085 1798 3148 fideles
1840 3083 2058 3146 astricti

103 3174 234 3236 sunt
281 3176 413 3257 ejus
461 3178 688 3239 vicario
738 3178 949 3238 debita
998 3177 1393 3239 obedientiae
1443 3199 1515 3238 ac
1562 3177 1831 3236 caritatis
1881 3174 2056 3236 obse-

106 3265 248 3344 quia
292 3265 598 3328 humiliter
646 3267 968 3345 exhibere3
1028 3268 1191 3327 unde
1240 3289 1376 3327 cum
1426 3267 1623 3344 omnis
1671 3265 1944 3345 potestas
1995 3278 2058 3324 et

106 3352 443 3433 specialiter
500 3356 656 3417 haec
703 3378 740 3417 a
787 3357 909 3417 deo
954 3314 1313 3416 immediate
1374 3339 1661 3416 ordinata
1708 3368 1772 3414 et
1831 3353 2059 3416 collata

105 3442 200 3517 fit,
267 3444 368 3526 qui
431 3445 568 3506 huic
632 3445 921 3527 potestati
980 3445 1186 3506 resistit
1251 3447 1351 3506 dei
1410 3444 1781 3506 ordinationi
1840 3443 2058 3504 resistit.

106 3491 288 3593 Uride
335 3531 415 3593 ill'i
462 3535 564 3616 qui
595 3535 753 3635 hanc
800 3535 1172 3615 potestatem
1204 3535 1277 3600 fic
1310 3555 1616 3595 evacuare
1666 3537 1951 3606 nituntur,
2000 3532 2058 3592 se

1638 3636 1702 3680 3.
