2352 3808
1181 131 1251 184 26

242 329 287 368 e.
334 305 560 383 multiS,
609 308 709 368 ubi
758 308 986 382 dicitur,
1036 309 1201 389 quod
1250 307 1373 368 tale
1423 308 1739 368 concilium
1786 309 1992 388 potius
2039 330 2186 371 con-

240 395 608 458 venticulum
641 396 739 457 vel
775 396 1283 458 concionabulum
1310 399 1381 470 (Ξ)
1406 398 1472 457 s1t
1505 398 1843 458 dicendum.
1888 398 1992 458 Ad
2024 399 2187 459 idem

240 487 381 547 facit
429 509 473 547 e.
507 488 736 546 dudum
785 486 841 544 in
880 508 976 566 qu.
1009 487 1104 545 VI.
1166 486 1294 546 Sed
1328 487 1421 546 hic
1468 488 1650 547 currit
1697 487 1972 547 dubium:
2022 487 2185 564 Quid

238 575 275 636 fi
347 577 638 656 expediat
709 573 1027 635 concilium
1097 574 1394 636 celebrari
1464 590 1727 655 propter
1794 574 2184 654 suspicionem

239 666 465 726 erroris
507 686 744 745 papae:
793 665 1084 745 numquid
1117 666 1349 745 poterit
1382 666 1617 745 absque
1651 665 1782 745 ejus
1816 661 2184 725 au&oritate

238 754 644 836 congregari?
726 753 1101 827 Dicendum,
1162 755 1333 835 quod
1391 775 1469 815 eo
1530 754 1664 815 casu
1723 754 1807 815 est
1865 753 2183 814 avisandus

236 864 350 922 per
397 863 537 915 eOS,
587 844 689 923 qui
737 842 925 922 ipsum
974 844 1289 904 caritative
1337 841 1624 924 diligunt,
1672 844 1751 904 de
1801 860 2016 904 errore
2063 842 2183 903 suo,

234 932 314 992 Et
345 932 383 991 fi
418 930 570 992 nolit
618 933 874 991 credere
915 932 974 991 se
1017 953 1228 992 errare
1276 946 1539 1012 propter
1585 954 1770 994 unum
1802 931 1900 993 vel
1948 952 2181 1012 paucos

236 1022 584 1101 oppofitum
640 1035 955 1091 tenenteS,
1016 1035 1159 1081 tunc
1215 1021 1299 1081 est
1352 1023 1700 1102 roganduS,
1758 1035 1825 1082 ut
1881 1019 2180 1103 generale

234 1109 549 1171 concilium
597 1124 932 1180 convocet,
991 1124 1057 1170 ut
1115 1110 1188 1170 fic
1242 1109 1455 1171 saltem
1514 1111 1726 1171 credat
1780 1109 2178 1190 plurimorum

223 1199 468 1278 judicio.
530 1199 611 1259 Et
659 1201 777 1260 hoc
824 1199 962 1260 satis
1012 1199 1174 1261 clare
1223 1200 1489 1260 habetur
1537 1221 1614 1260 ex
1653 1221 1698 1259 c.
1740 1197 2013 1260 Concilia
2058 1197 2180 1259 dist.

231 1289 415 1349 XVII.
448 1295 498 1354 5.
532 1289 667 1348 hinc
715 1290 918 1361 etiam,
967 1290 1067 1349 ubi
1115 1290 1395 1362 habetur,
1445 1290 1614 1370 quod
1657 1310 1794 1349 cum
1841 1289 2182 1367 imperator

229 1377 653 1438 Theodericus
704 1379 1095 1438 convocasset
1144 1377 1462 1438 concilium
1508 1380 1752 1439 Romae
1801 1379 1880 1438 ad
1928 1377 2178 1457 petitio-

231 1487 372 1527 nem
442 1468 846 1547 quorundam,
917 1469 1016 1547 qui
1079 1488 1309 1546 papam
1373 1467 1652 1528 accusare
1714 1466 2028 1538 volebant,
2098 1466 2178 1526 de

230 1555 462 1615 haerefi
520 1555 629 1616 sec.
676 1555 848 1638 gloss.
896 1556 1162 1636 episcopi
1221 1558 1591 1639 congregati
1638 1557 1849 1616 dixere
1909 1557 2176 1635 impera-

232 1645 381 1705 tori:
445 1645 633 1723 ipsum
696 1666 952 1724 papam,
1018 1647 1118 1725 qui
1178 1647 1496 1706 dicebatur
1555 1647 1883 1724 impetitus,
1942 1644 2176 1704 debere

231 1733 527 1811 synodum
576 1755 940 1795 convocare.
1016 1735 1322 1809 ScienteS,
1383 1736 1573 1815 inquit
1622 1735 1699 1794 ibi
1747 1748 1975 1806 textUS,
2035 1734 2176 1814 quia

233 1823 365 1903 ejus
428 1822 550 1882 sedi
612 1824 873 1902 primum
934 1825 1097 1883 Petri
1160 1845 1254 1903 ap.
1314 1825 1625 1897 meritum,
1689 1824 1912 1883 deinde
1973 1822 2178 1883 secuta

222 1910 482 1990 jusfione
543 1912 772 1971 domini
831 1911 1225 1972 conciliorum
1282 1913 1782 1973 venerandorum
1841 1909 2175 1972 austoritas

232 1998 598 2080 singularem
647 2002 703 2059 in
754 2000 1010 2060 ecclefiis
1068 2003 1316 2061 tradidit
1374 2001 1772 2080 potestatem,
1833 2021 1945 2062 nec
2003 2013 2177 2060 ante—

233 2086 434 2148 dictae
467 2088 620 2148 sedis
670 2089 991 2149 antistitem
1039 2091 1344 2151 minorum
1376 2090 1723 2169 subjacuisse
1762 2090 2008 2169 judicio.
2073 2089 2177 2148 Ad

232 2178 387 2237 haec
432 2177 824 2239 serenisfimus
874 2200 984 2239 rex
1031 2180 1153 2238 deo
1203 2179 1527 2258 inspirante
1575 2179 1917 2258 respondit:
1973 2178 2177 2255 Syno-

232 2264 384 2328 dalis
433 2268 553 2326 esse
603 2268 830 2327 arbitrii
880 2269 937 2326 in
986 2282 1162 2328 tanto
1213 2269 1472 2349 negotio
1528 2267 1838 2348 sequenda
1886 2266 2176 2346 praescri-

231 2356 400 2427 bere,
448 2377 562 2414 nec
610 2354 833 2435 aliquid
883 2357 1060 2416 ad'se
1094 2372 1348 2436 praeter
1395 2358 1806 2417 reverentiam
1854 2358 1932 2416 de
1982 2354 2176 2416 eccle-

231 2443 461 2503 fiasticis
505 2446 781 2526 negociis
822 2446 1150 2524 pertinere.
1215 2447 1623 2507 Committens
1659 2447 1845 2506 etiam
1891 2443 2177 2525 potestati

232 2532 604 2611 pontificum,
652 2547 718 2593 ut
751 2534 870 2593 five
906 2536 1286 2614 propofitum
1318 2534 1549 2595 vellent
1596 2536 1808 2596 audire
1856 2534 2178 2616 negotium

231 2621 350 2680 five
399 2620 661 2696 nollent,
710 2624 875 2702 quod
923 2625 1122 2705 magis
1171 2625 1475 2703 putabant
1522 2623 1696 2697 utile,
1744 2622 2176 2695 deliberarent,

232 2711 571 2771 dummodo
604 2713 942 2772 venerandi
989 2713 1335 2791 provifione
1383 2712 1613 2774 concilii
1661 2734 1785 2792 pax
1817 2714 1871 2772 in
1918 2731 2177 2773 romana

234 2799 475 2858 civitate
535 2802 802 2860 daretur.
878 2801 1160 2880 Episcopi
1207 2823 1360 2862 vero
1418 2803 1475 2861 in
1534 2802 1767 2880 synodo
1823 2801 2177 2873 refidenteS,

234 2902 625 2968 congregata
659 2889 1028 2950 austoritate
1063 2891 1341 2969 ejusdem
1365 2891 1716 2969 Symmachi
1749 2891 2032 2952 dixerunt
2064 2902 2175 2950 ete.

232 2976 327 3036 Ex
381 2977 599 3056 quibus
658 2977 797 3037 satis
856 2991 1059 3056 patet,
1120 2981 1291 3060 quod
1350 2979 1616 3060 episcopi
1671 2979 1749 3040 illi
1806 2978 2176 3061 congregati

234 3063 604 3126 auctoritate
653 3066 1043 3146 imperatoris
1093 3089 1218 3129 non
1255 3068 1702 3147 judicaverunt,
1749 3068 1808 3130 se
1853 3068 1974 3128 esse
2020 3065 2174 3148 legi-

234 3154 416 3213 timos
464 3167 919 3236 congregatOS,
977 3155 1081 3216 sed
1128 3157 1342 3236 postea
1389 3178 1526 3219 cum
1580 3159 1794 3218 dicitur
1840 3155 2174 3216 residentes

234 3242 293 3300 in
339 3241 572 3318 synodo
622 3257 1012 3326 congregata
1068 3244 1436 3308 auctoritate
1485 3246 1763 3326 ejusdem
1808 3243 2175 3323 Symmachi,

235 3330 405 3409 quod
437 3351 563 3391 non
596 3331 680 3390 est
712 3331 1176 3415 intelligendum
1224 3337 1434 3416 quoad
1479 3335 1855 3415 principium,
1904 3334 2062 3414 quia,
2108 3347 2176 3394 ut

233 3417 630 3497 praedictum,
675 3420 785 3493 est,
847 3423 1206 3502 principium
1263 3423 1441 3504 hujus
1500 3423 2004 3506 congregationis
2065 3422 2176 3483 fuit

235 3507 589 3588 imperator,
636 3507 738 3568 sed
777 3510 967 3571 debet
1006 3510 1276 3594 intelligi,
1324 3513 1496 3593 quod
1541 3511 1862 3592 postquam
1909 3513 2172 3592 impera-
