2352 3808
1168 125 1240 177 24

231 306 333 386 qui
380 306 543 365 dicat
591 305 673 377 ei,
730 326 835 363 cur
883 305 966 363 ita
1014 303 1189 375 faciS,
1245 303 1532 363 invanum
1580 303 1635 362 ei
1684 301 2002 363 corrector
2047 303 2178 364 affi-

231 407 474 475 gnatur.
535 394 701 453 Inter
747 393 1028 452 homines
1078 393 1234 464 dico,
1283 393 1425 471 quia
1470 391 1672 471 major
1704 391 1788 451 est
1834 391 2083 453 homine
2116 406 2180 454 et

232 484 432 543 minor
479 484 618 542 deO.
695 482 760 541 Si
806 480 1250 560 plenitudinem
1299 481 1538 540 obtinet
1585 480 1927 560 potestatiS‚
1973 479 2179 562 super-

232 593 425 632 vacue
474 573 744 631 nituntur
790 570 976 650 ipsum
1026 569 1274 629 alterius
1322 569 1613 649 subjicere
1660 569 1964 650 potestati.

913 718 999 778 III.
1056 718 1507 780 CONCLUSIO.

237 817 400 906 Quod
441 838 582 888 circa
608 852 686 899 ea,
732 851 868 903 quae
908 835 1032 887 fidei
1073 835 1199 898 sunt,
1242 853 1350 887 non
1388 836 1564 904 potest
1604 837 1882 889 concilium
1917 838 2023 891 fine
2061 854 2183 890 auc-

419 912 634 963 toritate
673 927 847 979 papae
886 910 1084 977 aliquid
1125 909 1367 963 diffinire.

369 1018 546 1077 Haec
593 1015 892 1076 conclufio
943 1015 1027 1075 est
1068 1017 1154 1075 >de
1203 1029 1411 1075 mente
1455 1016 1490 1076 s.
1521 1016 1808 1077 Thomae
1841 1018 1902 1077 II.
1935 1038 1989 1078 11.
2022 1039 2117 1099 qu.
2149 1019 2185 1079 Ι.

237 1121 348 1167 art.
394 1106 470 1167 X.
519 1106 773 1165 dicentis
823 1106 880 1164 in
930 1124 1198 1184 corpore
1247 1105 1638 1185 quaestionis:
1693 1107 1798 1166 Ad
1845 1105 1996 1166 illius
2044 1127 2185 1167 auc-

237 1197 555 1257 toritatem
613 1195 884 1274 pertinet
933 1195 1121 1255 editio
1181 1193 1435 1272 symboli
1454 1191 1518 1267 ¹),
1578 1196 1657 1255 ad
1706 1195 1872 1274 cujus
1922 1194 2186 1257 auctori-

238 1299 432 1345 tatem
479 1285 750 1364 pertinet
797 1282 1237 1343 sententialiter
1284 1285 1699 1344 determinare
1733 1305 1809 1344 ea
1850 1305 2010 1365 quae
2057 1284 2188 1345 sunt
2229 1332 2231 1334 .

236 1374 406 1447 fidei,
466 1387 531 1433 ut
579 1374 657 1433 ab
707 1373 987 1434 omnibus
1047 1373 1387 1433 inconcussa
1444 1373 1566 1432 fide
1615 1387 1956 1434 teneantur.
2047 1374 2190 1435 Hoc

238 1477 446 1522 autem
505 1463 776 1542 pertinet
830 1463 910 1521 ad
970 1459 1404 1522 auctoritatem
1457 1462 1663 1522 summi
1721 1463 2050 1542 pontificiS,
2109 1465 2188 1523 ad

240 1573 424 1633 quem
471 1551 741 1630 majores
792 1563 855 1610 et
902 1550 1269 1611 difficiliores
1319 1550 1605 1611 ecclefiae
1655 1551 2040 1632 quaestiones
2089 1573 2186 1612 re-

240 1642 542 1714 feruntur,
601 1653 667 1699 ut
725 1641 941 1700 dicitur
999 1641 1057 1698 in
1116 1641 1380 1700 decretis
1440 1639 1561 1700 dist.
1618 1641 1801 1700 XVII.
1862 1663 1906 1700 e.
1965 1641 2188 1701 Multis.

239 1731 418 1790 Unde
469 1743 532 1789 et
580 1730 862 1789 dominus
909 1729 1048 1788 Luc,
1096 1729 1284 1789 XXII.
1357 1730 1542 1789 Petro
1591 1730 1754 1803 dixit,
1804 1751 1988 1810 quem
2035 1729 2188 1790 sum—

241 1839 406 1878 mum
453 1817 807 1897 pontificem
856 1816 1180 1880 constituit:
1236 1818 1380 1899 Ego
1429 1820 1647 1899 rogavi
1695 1839 1812 1897 pro
1861 1833 1942 1892 te,
1989 1820 2189 1894 Petre‚

241 1921 306 1967 ut
361 1926 487 1967 non
546 1906 788 1966 deficiat
843 1906 996 1967 fides
1056 1920 1189 1978 tua,
1250 1921 1313 1966 et
1371 1920 1435 1966 tu
1483 1906 1813 1987 aliquando
1863 1907 2188 1968 conversus

242 1995 537 2056 confirma
595 1996 816 2055 fratres
866 2009 1021 2055 tuos,
1111 1995 1195 2054 Et
1241 1995 1417 2074 hujus
1466 1997 1624 2057 ratio
1682 1997 1787 2065 est,
1848 1998 1988 2077 quia
2033 1996 2187 2056 fides

241 2105 361 2144 una
410 2085 601 2144 debet
649 2085 770 2143 esse
818 2086 1006 2144 totius
1057 2083 1341 2143 ecclefiae
1389 2084 1716 2145 secundum
1762 2084 1905 2145 illud
1962 2107 2008 2145 1.
2046 2085 2188 2146 Cor.

241 2175 471 2253 primo:
530 2172 787 2251 Idipsum
847 2173 1058 2232 dicatis
1120 2193 1364 2246 omneS‚
1425 2187 1489 2233 et
1547 2193 1671 2234 non
1730 2174 1838 2233 smt
1897 2176 1954 2233 in
2009 2174 2187 2239 vobis

240 2261 520 2322 scismata.
614 2262 803 2338 Quod
850 2261 1072 2321 servari
1123 2281 1246 2321 non
1294 2263 1521 2341 posset,
1581 2263 1679 2322 nis1
1729 2261 1998 2343 quaestio
2046 2262 2188 2322 fidei

243 2363 463 2411 exorta
511 2351 1029 2410 determinaretur
1060 2371 1174 2429 per
1218 2371 1358 2410 eum
1392 2352 1491 2431 qui
1524 2353 1638 2411 toti
1673 2350 1959 2411 ecclefiae
2006 2371 2188 2430 prae-

241 2439 341 2510 est,
397 2452 463 2498 ut
509 2439 582 2498 fic
631 2439 762 2517 ejus
816 2439 1116 2499 sententia
1170 2453 1457 2499 teneatur
1503 2460 1540 2499 a
1587 2453 1724 2500 tota
1773 2440 2034 2500 ecclefia.
2108 2439 2189 2499 Et

243 2529 383 2587 ideo
434 2530 512 2587 ad
570 2528 758 2588 solam
806 2527 1241 2589 auctoritatem
1298 2528 1507 2588 summi
1562 2529 1864 2608 pontificis
1920 2530 2189 2608 pertinet
2250 2609 2254 2613 .

242 2635 407 2676 nova
454 2617 643 2676 editio
691 2616 972 2694 symboli,
1032 2617 1174 2677 ficut
1222 2631 1285 2677 et
1335 2618 1540 2677 omnia
1587 2617 1731 2686 alia,
1792 2638 1950 2698 quae
1997 2617 2187 2697 perti-

242 2718 389 2765 nent
432 2707 513 2765 ad
554 2718 752 2765 totam
801 2706 1127 2778 ecclefiam,
1176 2719 1241 2766 ut
1290 2727 1684 2788 congregare
1733 2706 2028 2785 synodum
2075 2726 2188 2787 ge-

243 2793 517 2854 neralem
565 2807 629 2854 et
683 2794 1046 2873 hujusmodi.
1138 2794 1317 2855 Haec
1374 2794 1487 2855 ille.
1579 2796 1674 2855 Ex
1720 2796 1935 2876 quibus
1983 2794 2188 2855 verbis

242 2902 366 2942 non
413 2881 606 2942 solum
653 2882 1006 2955 auctoritas,
1057 2883 1160 2943 sed
1209 2885 1394 2944 etiam
1442 2885 1600 2945 ratio
1649 2884 1930 2955 habetur,
1976 2883 2015 2943 fi
2062 2901 2188 2943 non

240 2970 388 3031 velit
420 2972 553 3051 quis
590 2971 802 3032 oculos
837 2971 1141 3045 claudere,
1191 2972 1329 3033 satis
1368 2972 1815 3034 conclusionem
1863 2971 2190 3032 efficaciter

242 3059 680 3121 demonstrans.
774 3060 1191 3121 Confirmatur
1237 3074 1448 3122 tamen
1508 3061 1878 3122 auctoritate
1937 3059 2187 3120 canonis

377 3236 423 3289 1)
464 3236 522 3275 Es
562 3236 613 3277 ist
650 3237 747 3278 eine
786 3250 893 3291 ganz
937 3238 1172 3291 unrichtige
1211 3237 1483 3291 Darstellung
1521 3238 1598 3278 der
1634 3236 1924 3289 Anschauung
1961 3236 2038 3276 der
2075 3236 2188 3276 alten

244 3309 429 3363 Kirche,
477 3310 637 3350 welche
670 3311 746 3351 der
775 3311 838 3352 hl.
872 3311 1162 3364 Hieronymus
1203 3312 1247 3352 in
1279 3313 1420 3352 einem
1452 3311 1595 3352 Briefe
1627 3325 1682 3351 an
1713 3311 1762 3352 P.
1797 3309 2006 3353 Damasus
2039 3322 2188 3363 ausge-

245 3382 451 3436 sprochen
482 3382 577 3422 hat:
624 3383 651 3422 s1
677 3382 864 3440 jubetis,
909 3386 1115 3426 condatur
1158 3399 1270 3426 nova
1308 3386 1399 3439 post
1429 3385 1667 3426 Nicaenam
1710 3384 1867 3439 fidem,
1913 3388 1954 3423 et
1985 3383 2188 3424 fimilibus

243 3457 385 3496 verbis
419 3469 515 3496 cum
546 3457 739 3498 Arrianis
772 3459 1049 3500 confiteamur
1080 3460 1319 3502 orthodoxi.
1384 3460 1538 3499 Davon
1570 3458 1666 3499 dass
1699 3458 1798 3499 dem
1829 3457 1979 3510 Papste
2010 3457 2079 3497 fiir
2107 3454 2189 3496 fich

242 3531 311 3569 die
343 3530 472 3569 editio
505 3530 685 3583 symboli
718 3531 961 3587 zukomme,
996 3534 1044 3573 ist
1073 3534 1167 3572 hier
1198 3534 1407 3575 durchaus
1440 3533 1556 3573 nicht
1587 3531 1658 3572 die
1689 3531 1827 3572 Rede.
