2352 3808
1225 155 1295 208 84

284 331 358 390 fic
406 331 632 391 cessant
681 331 888 391 omnia
925 329 1096 408 jura,
1145 352 1305 410 quae
1366 333 1571 392 dicunt
1628 353 1859 411 papam
1908 353 1945 392 a
1991 334 2231 394 nemine

273 419 530 498 judicari
579 433 642 480 et
691 419 822 498 ejus
856 420 1237 498 punitionem
1271 420 1370 479 fibi
1403 419 1508 481 soli
1541 422 1853 482 dominum
1885 421 2229 482 reservasse.

287 509 557 570 Cessant
591 509 778 568 etiam
812 506 975 567 dicta
1006 507 1353 568 sanctorum
1401 509 1842 591 theologorum
1889 510 2231 584 dicentium,

283 599 454 679 quod
502 599 559 657 in
609 594 997 674 correfilione
1047 598 1320 658 fraterna
1366 599 1466 658 ubi
1515 600 1775 659 occurrit
1822 599 1990 680 quod
2037 600 2086 659 is
2133 600 2234 680 qui

284 688 690 769 corrigendus
742 699 866 760 est,
915 706 1041 746 non
1090 687 1280 746 habet
1328 686 1702 767 superiorem
1749 688 1884 767 post
1932 688 2232 748 ammoni-

282 778 515 837 tionem
563 796 687 836 non
735 775 1000 835 habetur
1055 774 1217 836 aliud
1275 777 1604 858 refugium,
1663 798 1847 857 quam
1907 778 1985 837 ad
2043 775 2257 838 solum.

283 867 496 940 deum,
568 866 658 924 cui
716 863 823 925 soli
883 865 1118 945 absque
1181 877 1390 925 tamen
1453 866 1771 945 potestatis
1834 866 2232 927 diminutione

280 953 488 1014 subest.
580 952 871 1014 Similiter
918 955 1104 1013 etiam
1153 974 1278 1014 non
1326 956 1523 1036 magis
1553 983 1557 987 .
1584 956 1818 1034 poterit
1864 976 2031 1035 papa
2077 956 2233 1014 circa

281 1042 460 1126 leges
510 1041 739 1103 concilii
788 1042 1141 1122 dispensare
1199 1041 1300 1103 vel
1362 1042 1611 1124 aliquod
1667 1045 1988 1104 immutare
2049 1063 2234 1124 quam

283 1131 435 1192 alius
483 1130 817 1212 praelatuS‚
865 1132 902 1190 fi
945 1131 1056 1191 illis
1104 1133 1340 1211 pariter
1386 1132 1593 1206 subest,
1643 1132 1809 1212 cujus
1859 1133 2234 1192 contrarium

283 1219 549 1282 clamant
607 1222 907 1281 innumeri
966 1234 1171 1282 textus
1231 1235 1295 1282 et
1352 1220 1619 1304 glossae,
1697 1243 1857 1302 quae
1929 1222 1987 1281 in
2053 1233 2233 1301 parte

282 1310 462 1391 supra
510 1309 825 1393 allegatae
873 1310 1018 1370 sunt.
1087 1311 1168 1370 Et
1217 1310 1302 1370 est
1349 1312 1534 1371 etiam
1583 1323 1800 1372 contra
1847 1329 2235 1371 communem

282 1399 448 1460 usum
494 1399 780 1460 ecclesiae
830 1404 1024 1479 usqu'e
1075 1401 1131 1459 in
1179 1401 1342 1460 diem
1389 1399 1779 1479 praesentem
1828 1398 2234 1472 observatum,

283 1490 453 1569 quod
500 1488 785 1550 videlicet
831 1510 999 1568 papa
1046 1488 1237 1549 multa
1286 1490 1584 1565 concedit,
1634 1511 1758 1550 non
1808 1488 2086 1548 obstante
2119 1508 2233 1570 ge-

284 1576 476 1638 nerali
535 1579 791 1638 decreto
852 1577 951 1637 vel
1012 1598 1253 1638 canone
1301 1577 1614 1660 generalis
1675 1576 1922 1639 concilii.
2022 1577 2104 1637 Et
2162 1576 2235 1636 fic

280 1667 608 1728 secundum
642 1667 781 1727 istos
816 1668 965 1727 esset
997 1668 1337 1739 dicendum,
1386 1668 1555 1748 quod
1598 1689 1790 1748 usque
1839 1667 1897 1726 in
1944 1664 2234 1746 praesens

283 1755 533 1817 ecclefia
574 1755 924 1817 universalis
960 1758 1205 1829 erravit,
1255 1758 1424 1837 quod
1459 1756 1543 1816 est
1576 1756 1915 1828 absurdum,
1964 1754 2233 1835 quinimo

282 1867 614 1907 erroneum
674 1845 758 1905 est
816 1847 1020 1906 dicere
1080 1845 1223 1906 illud
1283 1847 1404 1906 esse
1463 1865 1770 1918 errorem,
1830 1844 1999 1924 quod
2058 1855 2232 1903 tanto

281 1949 570 2015 tempore
597 1934 846 1996 ecclesia
870 1956 986 2015 per
1019 1934 1186 1995 usum
1221 1936 1573 1995 continuum
1607 1933 1995 2014 approbavit.
2043 1932 2234 2010 Quod

279 2025 318 2085 fi
367 2025 555 2099 dicat,
615 2025 785 2106 quod
845 2043 970 2084 non
1031 2023 1116 2084 est
1173 2023 1575 2085 contradiffio
1635 2025 1793 2084 inter
1841 2021 2119 2083 concessa
2169 2033 2233 2081 et

280 2113 613 2189 affirmata,
663 2114 805 2194 quia
852 2111 953 2173 illa
1000 2111 1420 2195 intelliguntur
1467 2114 1546 2173 de
1597 2111 1855 2173 ecclesiis
1903 2107 2231 2190 particula-

279 2203 474 2278 ribus,
534 2203 690 2263 haec
748 2203 827 2262 de
876 2201 1124 2263 ecclefia
1171 2201 1504 2275 universali,
1553 2202 1672 2262 hoc
1719 2201 1803 2261 est
1849 2200 2018 2281 quod
2065 2219 2234 2279 papa

280 2292 365 2352 est
412 2306 597 2372 caput
646 2306 709 2352 et
756 2293 985 2371 primas
1034 2291 1313 2371 respe6³cu
1363 2289 1747 2351 ecclesiarum
1778 2286 2234 2370 particularium

280 2394 344 2441 et
393 2379 776 2441 nihilominus
826 2381 1084 2442 obedire
1133 2394 1382 2442 tenatur
1429 2379 1716 2440 ecclefiae
1765 2375 2095 2439 universali
2125 2375 2232 2436 &a

277 2468 432 2530 Istud
489 2470 644 2531 stare
705 2492 829 2532 non
887 2470 1116 2550 potest,
1176 2470 1318 2530 ficut
1376 2469 1617 2549 patebit
1675 2469 1828 2529 infra
1887 2468 1943 2527 in
2007 2478 2231 2547 quarto

277 2557 530 2639 puncto:
579 2560 681 2620 ubi
728 2560 882 2620 haec
929 2558 1223 2620 distinffio
1274 2558 1746 2640 impugnabitur.

931 2709 1248 2769 SECUNDUS
1295 2704 1612 2769 Pomm?

416 2825 886 2907 Consequenter
935 2839 1086 2886 nota
1134 2823 1330 2885 (Ιίξὶυε
1378 2824 1759 2904 respondens
1798 2818 2230 2903 praeeminen-

278 2917 426 2976 tiam
475 2915 856 2976 au&oritatis
904 2914 1005 2975 seu
1053 2913 1374 2994 potestatis
1436 2912 1721 2974 ecclesiae
1782 2910 2082 2973 extollere
2141 2911 2229 2970 ni·
2321 2962 2326 2967 ,

278 3006 439 3079 titur,
486 3026 624 3065 cum
671 3005 729 3063 in
776 3004 879 3064 sua
918 3004 1319 3083 responsione
1353 3002 1578 3063 subdit:
1626 3003 1689 3062 In
1721 3001 1929 3081 primis
1963 3001 2082 3061 hoc
2112 3018 2228 3059 vos

279 3094 611 3154 meminisse
660 3094 843 3153 decet
891 3091 1193 3154 catholica
1240 3092 1345 3152 &c

409 3183 528 3243 Pro
572 3203 695 3263 quo
746 3183 1105 3255 notandum,
1155 3181 1325 3261 quod
1372 3178 1513 3240 licet
1560 3178 1894 3240 au&oritas
1944 3174 2230 3237 ecclesiae
2287 3220 2289 3222 »

278 3283 454 3330 tanta
484 3271 568 3344 fit,
616 3272 784 3350 quod
817 3271 916 3330 vix
945 3270 1148 3350 potest
1178 3269 1316 3329 satis
1351 3270 1431 3328 ad
1462 3266 1710 3347 plenum
1746 3264 1972 3340 extolli,
2021 3279 2229 3326 tamen

277 3360 728 3419 advertendum
769 3360 868 3433 est,
911 3359 1055 3439 quid
1098 3359 1192 3417 hic
1236 3358 1483 3419 nomine
1518 3355 1803 3416 ecclefiae
1837 3353 2229 3436 intelligatur.

277 3447 435 3529 Cum
469 3448 631 3507 enim
664 3447 911 3507 ecclefia
943 3445 1355 3527 multipliciter
1386 3446 1636 3519 dicatur,
1670 3457 1737 3504 ut
1769 3456 2022 3504 notatur
2054 3455 2230 3503 extra

276 3537 357 3598 de
389 3537 586 3598 verbo
630 3536 793 3617 figni.
872 3537 1027 3597 Cum
1076 3535 1287 3609 clerici.
1363 3535 1480 3594 Hic
1527 3554 1751 3613 capere
1801 3553 1940 3593 eam
1986 3532 2229 3592 videtur
