<?xml version="1.0" encoding="UTF-8"?>
<!DOCTYPE html PUBLIC "-//W3C//DTD XHTML 1.0 Transitional//EN"
    "http://www.w3.org/TR/xhtml1/DTD/xhtml1-transitional.dtd">
<html xmlns="http://www.w3.org/1999/xhtml" xml:lang="en" lang="en">
 <head>
  <title>
</title>
<meta http-equiv="Content-Type" content="text/html;charset=utf-8" />
  <meta name='ocr-system' content='tesseract 3.04.00' />
  <meta name='ocr-capabilities' content='ocr_page ocr_carea ocr_par ocr_line ocrx_word'/>
</head>
<body>
  <div class='ocr_page' id='page_1' title='image "a609733400torquoft_0123.png"; bbox 0 0 2352 3808; ppageno 0'>
   <div class='ocr_carea' id='block_1_1' title="bbox 981 150 1246 228">
    <p class='ocr_par' dir='ltr' id='par_1_1' title="bbox 981 150 1246 228">
     <span class='ocr_line' id='line_1_1' title="bbox 981 150 1246 228; baseline 0 0"><span class='ocrx_word' id='word_1_1' title='bbox 981 150 1246 228; x_wconf 10' lang='lat' dir='ltr'>erl-99-</span> 
     </span>
    </p>
   </div>
   <div class='ocr_carea' id='block_1_2' title="bbox 87 324 2093 3623">
    <p class='ocr_par' dir='ltr' id='par_1_2' title="bbox 87 324 2093 3623">
     <span class='ocr_line' id='line_1_2' title="bbox 87 324 2093 407; baseline 0.001 -21"><span class='ocrx_word' id='word_1_2' title='bbox 87 364 92 369; x_wconf 82' lang='lat'><strong>·</strong></span> <span class='ocrx_word' id='word_1_3' title='bbox 134 329 304 388; x_wconf 88' lang='lat' dir='ltr'>Idem</span> <span class='ocrx_word' id='word_1_4' title='bbox 352 346 603 406; x_wconf 88' lang='lat' dir='ltr'>quoque</span> <span class='ocrx_word' id='word_1_5' title='bbox 651 326 828 404; x_wconf 89' lang='lat' dir='ltr'>super</span> <span class='ocrx_word' id='word_1_6' title='bbox 875 325 1049 386; x_wconf 58' lang='lat' dir='ltr'>affitus</span> <span class='ocrx_word' id='word_1_7' title='bbox 1099 325 1380 405; x_wconf 75' lang='lat' dir='ltr'>apostol:</span> <span class='ocrx_word' id='word_1_8' title='bbox 1429 327 1646 385; x_wconf 90' lang='lat' dir='ltr'>Petrus</span> <span class='ocrx_word' id='word_1_9' title='bbox 1680 346 1718 385; x_wconf 91' lang='lat' dir='ltr'>a</span> <span class='ocrx_word' id='word_1_10' title='bbox 1749 324 1870 386; x_wconf 90' lang='lat' dir='ltr'>filio</span> <span class='ocrx_word' id='word_1_11' title='bbox 1914 327 2093 407; x_wconf 91' lang='lat' dir='ltr'>super</span> 
     </span>
     <span class='ocr_line' id='line_1_3' title="bbox 137 413 2091 496; baseline 0.001 -20"><span class='ocrx_word' id='word_1_12' title='bbox 137 435 355 476; x_wconf 89' lang='lat' dir='ltr'>omnes</span> <span class='ocrx_word' id='word_1_13' title='bbox 405 436 567 496; x_wconf 90' lang='lat' dir='ltr'>quae</span> <span class='ocrx_word' id='word_1_14' title='bbox 614 413 714 474; x_wconf 87' lang='lat' dir='ltr'>filii</span> <span class='ocrx_word' id='word_1_15' title='bbox 760 415 843 474; x_wconf 87' lang='lat' dir='ltr'>est</span> <span class='ocrx_word' id='word_1_16' title='bbox 875 414 1247 493; x_wconf 88' lang='lat' dir='ltr'>potestatem</span> <span class='ocrx_word' id='word_1_17' title='bbox 1281 415 1535 494; x_wconf 91' lang='lat' dir='ltr'>accepit,</span> <span class='ocrx_word' id='word_1_18' title='bbox 1584 433 1710 474; x_wconf 94' lang='lat' dir='ltr'>non</span> <span class='ocrx_word' id='word_1_19' title='bbox 1743 428 1809 475; x_wconf 92' lang='lat' dir='ltr'>ut</span> <span class='ocrx_word' id='word_1_20' title='bbox 1843 416 2091 495; x_wconf 84' lang='lat' dir='ltr'>Moyses</span> 
     </span>
     <span class='ocr_line' id='line_1_4' title="bbox 135 503 2092 587; baseline 0.001 -22"><span class='ocrx_word' id='word_1_21' title='bbox 135 507 193 565; x_wconf 94' lang='lat' dir='ltr'>in</span> <span class='ocrx_word' id='word_1_22' title='bbox 251 518 533 587; x_wconf 77' lang='lat' dir='ltr'>gentem¹</span> <span class='ocrx_word' id='word_1_23' title='bbox 567 524 780 574; x_wconf 89' lang='lat' dir='ltr'>unam,</span> <span class='ocrx_word' id='word_1_24' title='bbox 838 503 941 563; x_wconf 91' lang='lat' dir='ltr'>sed</span> <span class='ocrx_word' id='word_1_25' title='bbox 1000 506 1058 564; x_wconf 92' lang='lat' dir='ltr'>in</span> <span class='ocrx_word' id='word_1_26' title='bbox 1118 504 1396 564; x_wconf 89' lang='lat' dir='ltr'>universo</span> <span class='ocrx_word' id='word_1_27' title='bbox 1454 504 1624 565; x_wconf 89' lang='lat' dir='ltr'>orbe.</span> <span class='ocrx_word' id='word_1_28' title='bbox 1716 504 1857 565; x_wconf 92' lang='lat' dir='ltr'>Hoc</span> <span class='ocrx_word' id='word_1_29' title='bbox 1905 507 2092 567; x_wconf 91' lang='lat' dir='ltr'>etiam</span> 
     </span>
     <span class='ocr_line' id='line_1_5' title="bbox 135 590 2090 672; baseline 0.001 -17"><span class='ocrx_word' id='word_1_30' title='bbox 135 595 393 656; x_wconf 86' lang='lat' dir='ltr'><strong>trahitur</strong></span> <span class='ocrx_word' id='word_1_31' title='bbox 456 615 533 653; x_wconf 80' lang='lat' dir='ltr'>ex</span> <span class='ocrx_word' id='word_1_32' title='bbox 594 590 967 653; x_wconf 52' lang='lat' dir='ltr'>austoritate</span> <span class='ocrx_word' id='word_1_33' title='bbox 1014 616 1059 653; x_wconf 88' lang='lat' dir='ltr'>S.</span> <span class='ocrx_word' id='word_1_34' title='bbox 1107 593 1453 672; x_wconf 84' lang='lat' dir='ltr'>scripturae.</span> <span class='ocrx_word' id='word_1_35' title='bbox 1545 594 1708 653; x_wconf 90' lang='lat' dir='ltr'>Nam</span> <span class='ocrx_word' id='word_1_36' title='bbox 1754 595 1940 656; x_wconf 91' lang='lat' dir='ltr'>Petro</span> <span class='ocrx_word' id='word_1_37' title='bbox 2001 597 2090 656; x_wconf 93' lang='lat' dir='ltr'>in-</span> 
     </span>
     <span class='ocr_line' id='line_1_6' title="bbox 134 681 2090 761; baseline 0.001 -17"><span class='ocrx_word' id='word_1_38' title='bbox 134 682 405 744; x_wconf 48' lang='lat' dir='ltr'>distincte</span> <span class='ocrx_word' id='word_1_39' title='bbox 454 701 608 742; x_wconf 89' lang='lat' dir='ltr'>oves</span> <span class='ocrx_word' id='word_1_40' title='bbox 656 681 788 742; x_wconf 90' lang='lat' dir='ltr'>suas</span> <span class='ocrx_word' id='word_1_41' title='bbox 838 683 1148 755; x_wconf 72' lang='lat' dir='ltr'>co&#39;mmifit,</span> <span class='ocrx_word' id='word_1_42' title='bbox 1197 683 1405 742; x_wconf 91' lang='lat' dir='ltr'>dicens</span> <span class='ocrx_word' id='word_1_43' title='bbox 1452 683 1667 761; x_wconf 90' lang='lat' dir='ltr'>Joann.</span> <span class='ocrx_word' id='word_1_44' title='bbox 1714 682 1850 744; x_wconf 85' lang='lat' dir='ltr'>ult.:</span> <span class='ocrx_word' id='word_1_45' title='bbox 1898 685 2090 746; x_wconf 89' lang='lat' dir='ltr'>Pasce</span> 
     </span>
     <span class='ocr_line' id='line_1_7' title="bbox 125 770 2090 853; baseline 0.001 -20"><span class='ocrx_word' id='word_1_46' title='bbox 125 792 288 833; x_wconf 82' lang='lat' dir='ltr'>oves</span> <span class='ocrx_word' id='word_1_47' title='bbox 321 792 510 843; x_wconf 85' lang='lat' dir='ltr'>meaS,</span> <span class='ocrx_word' id='word_1_48' title='bbox 545 784 609 831; x_wconf 90' lang='lat' dir='ltr'>et</span> <span class='ocrx_word' id='word_1_49' title='bbox 639 771 854 849; x_wconf 91' lang='lat' dir='ltr'>Joann.</span> <span class='ocrx_word' id='word_1_50' title='bbox 888 771 993 831; x_wconf 89' lang='lat' dir='ltr'>X.:</span> <span class='ocrx_word' id='word_1_51' title='bbox 1042 773 1136 842; x_wconf 84' lang='lat' dir='ltr'>Sit</span> <span class='ocrx_word' id='word_1_52' title='bbox 1167 793 1353 831; x_wconf 93' lang='lat' dir='ltr'>unum</span> <span class='ocrx_word' id='word_1_53' title='bbox 1388 770 1550 832; x_wconf 89' lang='lat' dir='ltr'>ovile</span> <span class='ocrx_word' id='word_1_54' title='bbox 1585 785 1649 833; x_wconf 89' lang='lat' dir='ltr'>et</span> <span class='ocrx_word' id='word_1_55' title='bbox 1683 794 1835 833; x_wconf 91' lang='lat' dir='ltr'>unus</span> <span class='ocrx_word' id='word_1_56' title='bbox 1868 774 2090 853; x_wconf 88' lang='lat' dir='ltr'>pastor.</span> 
     </span>
     <span class='ocr_line' id='line_1_8' title="bbox 132 858 2090 941; baseline 0.001 -18"><span class='ocrx_word' id='word_1_57' title='bbox 132 863 309 923; x_wconf 88' lang='lat' dir='ltr'>Haec</span> <span class='ocrx_word' id='word_1_58' title='bbox 355 861 487 921; x_wconf 91' lang='lat' dir='ltr'>sunt</span> <span class='ocrx_word' id='word_1_59' title='bbox 534 861 729 920; x_wconf 90' lang='lat' dir='ltr'>verba</span> <span class='ocrx_word' id='word_1_60' title='bbox 776 858 919 921; x_wconf 56' lang='lat' dir='ltr'>dicti</span> <span class='ocrx_word' id='word_1_61' title='bbox 967 859 1228 940; x_wconf 91' lang='lat' dir='ltr'>capituli.</span> <span class='ocrx_word' id='word_1_62' title='bbox 1304 861 1399 920; x_wconf 91' lang='lat' dir='ltr'>Ex</span> <span class='ocrx_word' id='word_1_63' title='bbox 1433 862 1649 941; x_wconf 90' lang='lat' dir='ltr'>quibus</span> <span class='ocrx_word' id='word_1_64' title='bbox 1697 875 1875 941; x_wconf 92' lang='lat' dir='ltr'>patet</span> <span class='ocrx_word' id='word_1_65' title='bbox 1924 866 2090 924; x_wconf 93' lang='lat' dir='ltr'>omni</span> 
     </span>
     <span class='ocr_line' id='line_1_9' title="bbox 134 948 2089 1030; baseline 0.001 -18"><span class='ocrx_word' id='word_1_66' title='bbox 134 972 258 1012; x_wconf 91' lang='lat' dir='ltr'>non</span> <span class='ocrx_word' id='word_1_67' title='bbox 304 949 647 1029; x_wconf 88' lang='lat' dir='ltr'>pasfionato</span> <span class='ocrx_word' id='word_1_68' title='bbox 697 948 915 1010; x_wconf 64' lang='lat' dir='ltr'>lectori</span> <span class='ocrx_word' id='word_1_69' title='bbox 965 963 1028 1010; x_wconf 88' lang='lat' dir='ltr'>et</span> <span class='ocrx_word' id='word_1_70' title='bbox 1062 949 1511 1030; x_wconf 90' lang='lat' dir='ltr'>quantumlibet</span> <span class='ocrx_word' id='word_1_71' title='bbox 1543 972 1762 1030; x_wconf 89' lang='lat' dir='ltr'>parum</span> <span class='ocrx_word' id='word_1_72' title='bbox 1794 951 2089 1029; x_wconf 84' lang='lat' dir='ltr'>litterato,</span> 
     </span>
     <span class='ocr_line' id='line_1_10' title="bbox 133 1037 2088 1121; baseline 0.001 -21"><span class='ocrx_word' id='word_1_73' title='bbox 133 1041 302 1121; x_wconf 90' lang='lat' dir='ltr'>quod</span> <span class='ocrx_word' id='word_1_74' title='bbox 350 1037 576 1100; x_wconf 68' lang='lat' dir='ltr'>doctor</span> <span class='ocrx_word' id='word_1_75' title='bbox 607 1037 847 1099; x_wconf 70' lang='lat' dir='ltr'>sanctus</span> <span class='ocrx_word' id='word_1_76' title='bbox 882 1040 938 1098; x_wconf 92' lang='lat' dir='ltr'>in</span> <span class='ocrx_word' id='word_1_77' title='bbox 988 1040 1231 1100; x_wconf 91' lang='lat' dir='ltr'>duobus</span> <span class='ocrx_word' id='word_1_78' title='bbox 1280 1039 1394 1099; x_wconf 88' lang='lat' dir='ltr'>istis</span> <span class='ocrx_word' id='word_1_79' title='bbox 1441 1039 1718 1119; x_wconf 91' lang='lat' dir='ltr'>capitulis</span> <span class='ocrx_word' id='word_1_80' title='bbox 1752 1040 1946 1102; x_wconf 89' lang='lat' dir='ltr'>voluit</span> <span class='ocrx_word' id='word_1_81' title='bbox 1979 1044 2088 1103; x_wconf 91' lang='lat' dir='ltr'>im-</span> 
     </span>
     <span class='ocr_line' id='line_1_11' title="bbox 131 1129 2090 1211; baseline 0.002 -21"><span class='ocrx_word' id='word_1_82' title='bbox 131 1150 414 1211; x_wconf 83' lang='lat' dir='ltr'>pugnare</span> <span class='ocrx_word' id='word_1_83' title='bbox 463 1130 621 1190; x_wconf 91' lang='lat' dir='ltr'>duos</span> <span class='ocrx_word' id='word_1_84' title='bbox 672 1150 950 1189; x_wconf 88' lang='lat' dir='ltr'>errores:</span> <span class='ocrx_word' id='word_1_85' title='bbox 1009 1130 1243 1189; x_wconf 88' lang='lat' dir='ltr'><strong>Primus</strong></span> <span class='ocrx_word' id='word_1_86' title='bbox 1304 1129 1388 1189; x_wconf 90' lang='lat' dir='ltr'>est</span> <span class='ocrx_word' id='word_1_87' title='bbox 1441 1130 1798 1204; x_wconf 84' lang='lat' dir='ltr'><strong>dicentium,</strong></span> <span class='ocrx_word' id='word_1_88' title='bbox 1857 1152 2090 1211; x_wconf 91' lang='lat' dir='ltr'>papam</span> 
     </span>
     <span class='ocr_line' id='line_1_12' title="bbox 132 1218 2089 1300; baseline 0.002 -22"><span class='ocrx_word' id='word_1_89' title='bbox 132 1219 525 1279; x_wconf 73' lang='lat' dir='ltr'>non‘habere</span> <span class='ocrx_word' id='word_1_90' title='bbox 557 1218 888 1298; x_wconf 88' lang='lat' dir='ltr'>primatum</span> <span class='ocrx_word' id='word_1_91' title='bbox 920 1218 1099 1298; x_wconf 90' lang='lat' dir='ltr'>super</span> <span class='ocrx_word' id='word_1_92' title='bbox 1132 1239 1350 1280; x_wconf 90' lang='lat' dir='ltr'>omnes</span> <span class='ocrx_word' id='word_1_93' title='bbox 1386 1220 1736 1299; x_wconf 83' lang='lat' dir='ltr'>episcopOS,</span> <span class='ocrx_word' id='word_1_94' title='bbox 1771 1242 1885 1280; x_wconf 91' lang='lat' dir='ltr'>nec</span> <span class='ocrx_word' id='word_1_95' title='bbox 1915 1222 2089 1300; x_wconf 91' lang='lat' dir='ltr'>posse</span> 
     </span>
     <span class='ocr_line' id='line_1_13' title="bbox 130 1307 2088 1388; baseline 0.002 -21"><span class='ocrx_word' id='word_1_96' title='bbox 130 1309 210 1368; x_wconf 88' lang='lat' dir='ltr'>de</span> <span class='ocrx_word' id='word_1_97' title='bbox 269 1307 514 1368; x_wconf 91' lang='lat' dir='ltr'>subditis</span> <span class='ocrx_word' id='word_1_98' title='bbox 575 1308 909 1387; x_wconf 82' lang='lat' dir='ltr'>disponere</span> <span class='ocrx_word' id='word_1_99' title='bbox 971 1309 1144 1368; x_wconf 91' lang='lat' dir='ltr'>unius</span> <span class='ocrx_word' id='word_1_100' title='bbox 1219 1309 1510 1369; x_wconf 74' lang='lat' dir='ltr'>dioecesis</span> <span class='ocrx_word' id='word_1_101' title='bbox 1581 1308 1680 1368; x_wconf 88' lang='lat' dir='ltr'>vel</span> <span class='ocrx_word' id='word_1_102' title='bbox 1751 1311 2088 1388; x_wconf 89' lang='lat' dir='ltr'>parochiae</span> 
     </span>
     <span class='ocr_line' id='line_1_14' title="bbox 130 1395 2091 1460; baseline 0.001 -2"><span class='ocrx_word' id='word_1_103' title='bbox 130 1398 250 1458; x_wconf 88' lang='lat' dir='ltr'>fine</span> <span class='ocrx_word' id='word_1_104' title='bbox 298 1395 620 1458; x_wconf 89' lang='lat' dir='ltr'>voluntate</span> <span class='ocrx_word' id='word_1_105' title='bbox 670 1397 963 1457; x_wconf 85' lang='lat' dir='ltr'>dioecesis</span> <span class='ocrx_word' id='word_1_106' title='bbox 1011 1397 1110 1457; x_wconf 87' lang='lat' dir='ltr'>vel</span> <span class='ocrx_word' id='word_1_107' title='bbox 1161 1399 1365 1458; x_wconf 88' lang='lat' dir='ltr'>curati.</span> <span class='ocrx_word' id='word_1_108' title='bbox 1458 1398 1539 1458; x_wconf 84' lang='lat' dir='ltr'>Et</span> <span class='ocrx_word' id='word_1_109' title='bbox 1587 1397 1689 1458; x_wconf 91' lang='lat' dir='ltr'>iste</span> <span class='ocrx_word' id='word_1_110' title='bbox 1738 1399 1847 1458; x_wconf 89' lang='lat' dir='ltr'>fuit</span> <span class='ocrx_word' id='word_1_111' title='bbox 1895 1413 1959 1459; x_wconf 91' lang='lat' dir='ltr'>et</span> <span class='ocrx_word' id='word_1_112' title='bbox 2007 1399 2091 1460; x_wconf 88' lang='lat' dir='ltr'>est</span> 
     </span>
     <span class='ocr_line' id='line_1_15' title="bbox 131 1487 2087 1567; baseline 0.001 -20"><span class='ocrx_word' id='word_1_113' title='bbox 131 1507 309 1548; x_wconf 91' lang='lat' dir='ltr'>error</span> <span class='ocrx_word' id='word_1_114' title='bbox 358 1487 762 1559; x_wconf 88' lang='lat' dir='ltr'>Graecorum,</span> <span class='ocrx_word' id='word_1_115' title='bbox 810 1501 1075 1567; x_wconf 88' lang='lat' dir='ltr'>propter</span> <span class='ocrx_word' id='word_1_116' title='bbox 1134 1508 1318 1567; x_wconf 90' lang='lat' dir='ltr'>quem</span> <span class='ocrx_word' id='word_1_117' title='bbox 1379 1487 1457 1547; x_wconf 92' lang='lat' dir='ltr'>ab</span> <span class='ocrx_word' id='word_1_118' title='bbox 1517 1487 1875 1548; x_wconf 82' lang='lat' dir='ltr'>obedientia</span> <span class='ocrx_word' id='word_1_119' title='bbox 1932 1488 2087 1549; x_wconf 90' lang='lat' dir='ltr'>sedis</span> 
     </span>
     <span class='ocr_line' id='line_1_16' title="bbox 128 1575 2089 1656; baseline 0.001 -20"><span class='ocrx_word' id='word_1_120' title='bbox 128 1577 308 1637; x_wconf 91' lang='lat' dir='ltr'>Rom.</span> <span class='ocrx_word' id='word_1_121' title='bbox 366 1575 425 1636; x_wconf 90' lang='lat' dir='ltr'>se</span> <span class='ocrx_word' id='word_1_122' title='bbox 484 1575 844 1636; x_wconf 91' lang='lat' dir='ltr'>subtrahunt</span> <span class='ocrx_word' id='word_1_123' title='bbox 903 1577 961 1636; x_wconf 94' lang='lat' dir='ltr'>in</span> <span class='ocrx_word' id='word_1_124' title='bbox 1022 1598 1239 1638; x_wconf 90' lang='lat' dir='ltr'>eorum</span> <span class='ocrx_word' id='word_1_125' title='bbox 1297 1577 1778 1638; x_wconf 82' lang='lat' dir='ltr'>damnationem.</span> <span class='ocrx_word' id='word_1_126' title='bbox 1883 1578 2089 1656; x_wconf 78' lang='lat' dir='ltr'>Quem</span> 
     </span>
     <span class='ocr_line' id='line_1_17' title="bbox 130 1665 2087 1749; baseline 0.001 -23"><span class='ocrx_word' id='word_1_127' title='bbox 130 1666 316 1727; x_wconf 90' lang='lat' dir='ltr'>etiam</span> <span class='ocrx_word' id='word_1_128' title='bbox 364 1686 644 1726; x_wconf 89' lang='lat' dir='ltr'>errorem</span> <span class='ocrx_word' id='word_1_129' title='bbox 691 1665 875 1726; x_wconf 88' lang='lat' dir='ltr'>secuti</span> <span class='ocrx_word' id='word_1_130' title='bbox 922 1666 1054 1726; x_wconf 87' lang='lat' dir='ltr'>sunt</span> <span class='ocrx_word' id='word_1_131' title='bbox 1103 1666 1247 1726; x_wconf 93' lang='lat' dir='ltr'>olim</span> <span class='ocrx_word' id='word_1_132' title='bbox 1311 1667 1560 1747; x_wconf 89' lang='lat' dir='ltr'>quidam</span> <span class='ocrx_word' id='word_1_133' title='bbox 1607 1667 1873 1749; x_wconf 90' lang='lat' dir='ltr'>magistri</span> <span class='ocrx_word' id='word_1_134' title='bbox 1921 1669 2087 1728; x_wconf 91' lang='lat' dir='ltr'>Pari-</span> 
     </span>
     <span class='ocr_line' id='line_1_18' title="bbox 130 1754 2086 1838; baseline 0.001 -22"><span class='ocrx_word' id='word_1_135' title='bbox 130 1754 363 1827; x_wconf 86' lang='lat' dir='ltr'>fienses,</span> <span class='ocrx_word' id='word_1_136' title='bbox 411 1767 481 1820; x_wconf 65' lang='lat' dir='ltr'>ut,</span> <span class='ocrx_word' id='word_1_137' title='bbox 524 1755 694 1836; x_wconf 85' lang='lat' dir='ltr'>Mag.</span> <span class='ocrx_word' id='word_1_138' title='bbox 744 1754 1105 1816; x_wconf 86' lang='lat' dir='ltr'>Guillelmus</span> <span class='ocrx_word' id='word_1_139' title='bbox 1170 1757 1249 1816; x_wconf 91' lang='lat' dir='ltr'>de</span> <span class='ocrx_word' id='word_1_140' title='bbox 1298 1779 1343 1816; x_wconf 91' lang='grc'>5.</span> <span class='ocrx_word' id='word_1_141' title='bbox 1391 1776 1605 1816; x_wconf 89' lang='lat' dir='ltr'>amore</span> <span class='ocrx_word' id='word_1_142' title='bbox 1655 1770 1718 1817; x_wconf 91' lang='lat' dir='ltr'>et</span> <span class='ocrx_word' id='word_1_143' title='bbox 1767 1758 1936 1838; x_wconf 86' lang='lat' dir='ltr'>Mag.</span> <span class='ocrx_word' id='word_1_144' title='bbox 1983 1758 2086 1836; x_wconf 93' lang='lat' dir='ltr'>Jo-</span> 
     </span>
     <span class='ocr_line' id='line_1_19' title="bbox 128 1843 2088 1927; baseline 0 -21"><span class='ocrx_word' id='word_1_145' title='bbox 128 1866 323 1906; x_wconf 90' lang='lat' dir='ltr'>annes</span> <span class='ocrx_word' id='word_1_146' title='bbox 356 1846 435 1905; x_wconf 88' lang='lat' dir='ltr'>de</span> <span class='ocrx_word' id='word_1_147' title='bbox 463 1843 777 1927; x_wconf 81' lang='lat' dir='ltr'>Pogliaco,</span> <span class='ocrx_word' id='word_1_148' title='bbox 827 1858 1045 1906; x_wconf 91' lang='lat' dir='ltr'>contra</span> <span class='ocrx_word' id='word_1_149' title='bbox 1078 1867 1235 1926; x_wconf 90' lang='lat' dir='ltr'>quos</span> <span class='ocrx_word' id='word_1_150' title='bbox 1269 1868 1313 1906; x_wconf 89' lang='grc'>5.</span> <span class='ocrx_word' id='word_1_151' title='bbox 1338 1845 1618 1906; x_wconf 88' lang='lat' dir='ltr'>Thomas</span> <span class='ocrx_word' id='word_1_152' title='bbox 1653 1844 1837 1906; x_wconf 91' lang='lat' dir='ltr'>alium</span> <span class='ocrx_word' id='word_1_153' title='bbox 1869 1845 2088 1907; x_wconf 92' lang='lat' dir='ltr'>librum</span> 
     </span>
     <span class='ocr_line' id='line_1_20' title="bbox 125 1934 2089 2015; baseline 0.001 -20"><span class='ocrx_word' id='word_1_154' title='bbox 125 1934 347 2015; x_wconf 81' lang='lat' dir='ltr'>scripslt</span> <span class='ocrx_word' id='word_1_155' title='bbox 395 1947 459 1995; x_wconf 91' lang='lat' dir='ltr'>et</span> <span class='ocrx_word' id='word_1_156' title='bbox 505 1935 664 1994; x_wconf 91' lang='lat' dir='ltr'>hunc</span> <span class='ocrx_word' id='word_1_157' title='bbox 722 1935 1067 2015; x_wconf 90' lang='lat' dir='ltr'>reprobare</span> <span class='ocrx_word' id='word_1_158' title='bbox 1127 1936 1387 1996; x_wconf 89' lang='lat' dir='ltr'>intendit</span> <span class='ocrx_word' id='word_1_159' title='bbox 1446 1936 1608 1995; x_wconf 90' lang='lat' dir='ltr'>idem</span> <span class='ocrx_word' id='word_1_160' title='bbox 1666 1934 1891 1997; x_wconf 76' lang='grc' dir='ltr'><strong>(1ΟᾶοΓ</strong></span> <span class='ocrx_word' id='word_1_161' title='bbox 1948 1934 2089 1997; x_wconf 90' lang='lat' dir='ltr'>licet</span> 
     </span>
     <span class='ocr_line' id='line_1_21' title="bbox 126 2023 2087 2104; baseline 0.001 -20"><span class='ocrx_word' id='word_1_162' title='bbox 126 2024 401 2085; x_wconf 91' lang='lat' dir='ltr'>breviter</span> <span class='ocrx_word' id='word_1_163' title='bbox 460 2025 519 2085; x_wconf 92' lang='lat' dir='ltr'>in</span> <span class='ocrx_word' id='word_1_164' title='bbox 578 2045 709 2104; x_wconf 90' lang='lat' dir='ltr'>cap.</span> <span class='ocrx_word' id='word_1_165' title='bbox 767 2025 942 2099; x_wconf 62' lang='lat' dir='ltr'><strong>LIV„</strong></span> <span class='ocrx_word' id='word_1_166' title='bbox 1002 2024 1170 2103; x_wconf 91' lang='lat' dir='ltr'>cujus</span> <span class='ocrx_word' id='word_1_167' title='bbox 1230 2026 1470 2085; x_wconf 88' lang='lat' dir='ltr'>rubrica</span> <span class='ocrx_word' id='word_1_168' title='bbox 1529 2023 1666 2086; x_wconf 85' lang='lat' dir='ltr'>talis</span> <span class='ocrx_word' id='word_1_169' title='bbox 1727 2025 1840 2085; x_wconf 87' lang='lat' dir='ltr'>est:</span> <span class='ocrx_word' id='word_1_170' title='bbox 1897 2025 2087 2103; x_wconf 76' lang='lat' dir='ltr'>Quod</span> 
     </span>
     <span class='ocr_line' id='line_1_22' title="bbox 126 2114 2086 2194; baseline 0 -19"><span class='ocrx_word' id='word_1_171' title='bbox 126 2114 408 2194; x_wconf 88' lang='lat' dir='ltr'>pontifex</span> <span class='ocrx_word' id='word_1_172' title='bbox 444 2115 622 2175; x_wconf 90' lang='lat' dir='ltr'>Rom.</span> <span class='ocrx_word' id='word_1_173' title='bbox 669 2114 737 2173; x_wconf 88' lang='lat' dir='ltr'>fit</span> <span class='ocrx_word' id='word_1_174' title='bbox 784 2115 1014 2194; x_wconf 88' lang='lat' dir='ltr'>primus</span> <span class='ocrx_word' id='word_1_175' title='bbox 1065 2128 1128 2175; x_wconf 91' lang='lat' dir='ltr'>et</span> <span class='ocrx_word' id='word_1_176' title='bbox 1175 2116 1473 2175; x_wconf 90' lang='lat' dir='ltr'>maximus</span> <span class='ocrx_word' id='word_1_177' title='bbox 1523 2116 1794 2175; x_wconf 92' lang='lat' dir='ltr'>omnium</span> <span class='ocrx_word' id='word_1_178' title='bbox 1844 2116 2086 2194; x_wconf 90' lang='lat' dir='ltr'>episco-</span> 
     </span>
     <span class='ocr_line' id='line_1_23' title="bbox 126 2203 2087 2284; baseline -0.001 -19"><span class='ocrx_word' id='word_1_179' title='bbox 126 2224 350 2283; x_wconf 89' lang='lat' dir='ltr'>porum</span> <span class='ocrx_word' id='word_1_180' title='bbox 395 2203 495 2264; x_wconf 89' lang='lat' dir='ltr'>seu</span> <span class='ocrx_word' id='word_1_181' title='bbox 555 2204 715 2263; x_wconf 91' lang='lat' dir='ltr'>inter</span> <span class='ocrx_word' id='word_1_182' title='bbox 774 2223 992 2264; x_wconf 91' lang='lat' dir='ltr'>omnes</span> <span class='ocrx_word' id='word_1_183' title='bbox 1053 2205 1404 2284; x_wconf 69' lang='lat' dir='ltr'>episcopos</span> <span class='ocrx_word' id='word_1_184' title='bbox 1496 2205 1817 2265; x_wconf 87' lang='lat' dir='ltr'>Secundus</span> <span class='ocrx_word' id='word_1_185' title='bbox 1878 2218 2087 2266; x_wconf 89' lang='lat' dir='ltr'>autem</span> 
     </span>
     <span class='ocr_line' id='line_1_24' title="bbox 128 2292 2087 2374; baseline 0.001 -20"><span class='ocrx_word' id='word_1_186' title='bbox 128 2312 306 2354; x_wconf 89' lang='lat' dir='ltr'>error</span> <span class='ocrx_word' id='word_1_187' title='bbox 353 2292 438 2353; x_wconf 90' lang='lat' dir='ltr'>est</span> <span class='ocrx_word' id='word_1_188' title='bbox 483 2293 836 2366; x_wconf 83' lang='lat' dir='ltr'>dicentium,</span> <span class='ocrx_word' id='word_1_189' title='bbox 885 2295 1055 2374; x_wconf 90' lang='lat' dir='ltr'>quod</span> <span class='ocrx_word' id='word_1_190' title='bbox 1114 2292 1255 2354; x_wconf 90' lang='lat' dir='ltr'>licet</span> <span class='ocrx_word' id='word_1_191' title='bbox 1300 2295 1481 2355; x_wconf 90' lang='lat' dir='ltr'>Rom.</span> <span class='ocrx_word' id='word_1_192' title='bbox 1527 2294 1808 2373; x_wconf 85' lang='lat' dir='ltr'>pontifex</span> <span class='ocrx_word' id='word_1_193' title='bbox 1855 2294 2087 2356; x_wconf 89' lang='lat' dir='ltr'>habeat</span> 
     </span>
     <span class='ocr_line' id='line_1_25' title="bbox 126 2381 2086 2464; baseline 0.001 -21"><span class='ocrx_word' id='word_1_194' title='bbox 126 2381 579 2463; x_wconf 90' lang='lat' dir='ltr'>praelationem</span> <span class='ocrx_word' id='word_1_195' title='bbox 605 2395 669 2442; x_wconf 89' lang='lat' dir='ltr'>et</span> <span class='ocrx_word' id='word_1_196' title='bbox 694 2381 1130 2444; x_wconf 66' lang='lat' dir='ltr'>auctoritatem</span> <span class='ocrx_word' id='word_1_197' title='bbox 1155 2383 1334 2463; x_wconf 90' lang='lat' dir='ltr'>super</span> <span class='ocrx_word' id='word_1_198' title='bbox 1360 2383 1698 2464; x_wconf 88' lang='lat' dir='ltr'>quemlibet</span> <span class='ocrx_word' id='word_1_199' title='bbox 1723 2385 2086 2463; x_wconf 91' lang='lat' dir='ltr'>episcopum</span> 
     </span>
     <span class='ocr_line' id='line_1_26' title="bbox 126 2469 2085 2553; baseline 0.001 -21"><span class='ocrx_word' id='word_1_200' title='bbox 126 2471 226 2533; x_wconf 91' lang='lat' dir='ltr'>vel</span> <span class='ocrx_word' id='word_1_201' title='bbox 275 2469 586 2532; x_wconf 79' lang='lat' dir='ltr'>ecclesiam</span> <span class='ocrx_word' id='word_1_202' title='bbox 633 2473 689 2531; x_wconf 91' lang='lat' dir='ltr'>in</span> <span class='ocrx_word' id='word_1_203' title='bbox 739 2472 1118 2552; x_wconf 82' lang='lat' dir='ltr'>particulari,</span> <span class='ocrx_word' id='word_1_204' title='bbox 1173 2495 1299 2534; x_wconf 96' lang='lat' dir='ltr'>non</span> <span class='ocrx_word' id='word_1_205' title='bbox 1359 2487 1569 2534; x_wconf 89' lang='lat' dir='ltr'>tamen</span> <span class='ocrx_word' id='word_1_206' title='bbox 1629 2473 1807 2553; x_wconf 90' lang='lat' dir='ltr'>super</span> <span class='ocrx_word' id='word_1_207' title='bbox 1865 2494 2085 2534; x_wconf 88' lang='lat' dir='ltr'>omnes</span> 
     </span>
     <span class='ocr_line' id='line_1_27' title="bbox 127 2559 2084 2644; baseline -0.001 -21"><span class='ocrx_word' id='word_1_208' title='bbox 127 2565 460 2642; x_wconf 86' lang='lat' dir='ltr'>episcopos</span> <span class='ocrx_word' id='word_1_209' title='bbox 493 2559 657 2621; x_wconf 92' lang='lat' dir='ltr'>fimul</span> <span class='ocrx_word' id='word_1_210' title='bbox 691 2576 1136 2644; x_wconf 82' lang='lat' dir='ltr'>congregatOS‚</span> <span class='ocrx_word' id='word_1_211' title='bbox 1171 2563 1272 2643; x_wconf 88' lang='lat' dir='ltr'>qui</span> <span class='ocrx_word' id='word_1_212' title='bbox 1306 2563 1549 2636; x_wconf 88' lang='lat' dir='ltr'>faciunt,</span> <span class='ocrx_word' id='word_1_213' title='bbox 1583 2576 1649 2622; x_wconf 93' lang='lat' dir='ltr'>ut</span> <span class='ocrx_word' id='word_1_214' title='bbox 1682 2564 1903 2637; x_wconf 86' lang='lat' dir='ltr'>dicunt,</span> <span class='ocrx_word' id='word_1_215' title='bbox 1937 2584 2084 2624; x_wconf 91' lang='lat' dir='ltr'>con-</span> 
     </span>
     <span class='ocr_line' id='line_1_28' title="bbox 126 2649 2085 2713; baseline 0.001 -1"><span class='ocrx_word' id='word_1_216' title='bbox 126 2651 323 2712; x_wconf 92' lang='lat' dir='ltr'>cilium</span> <span class='ocrx_word' id='word_1_217' title='bbox 369 2649 468 2712; x_wconf 90' lang='lat' dir='ltr'>vel</span> <span class='ocrx_word' id='word_1_218' title='bbox 518 2649 830 2712; x_wconf 76' lang='lat' dir='ltr'>ecclesiam</span> <span class='ocrx_word' id='word_1_219' title='bbox 877 2651 1293 2713; x_wconf 84' lang='lat' dir='ltr'>universalem.</span> <span class='ocrx_word' id='word_1_220' title='bbox 1361 2653 1444 2713; x_wconf 91' lang='lat' dir='ltr'>Et</span> <span class='ocrx_word' id='word_1_221' title='bbox 1490 2653 1650 2712; x_wconf 93' lang='lat' dir='ltr'>hunc</span> <span class='ocrx_word' id='word_1_222' title='bbox 1698 2671 1978 2712; x_wconf 90' lang='lat' dir='ltr'>errorem</span> <span class='ocrx_word' id='word_1_223' title='bbox 2026 2653 2085 2713; x_wconf 94' lang='lat' dir='ltr'>in</span> 
     </span>
     <span class='ocr_line' id='line_1_29' title="bbox 126 2739 2084 2824; baseline 0.001 -23"><span class='ocrx_word' id='word_1_224' title='bbox 126 2741 323 2802; x_wconf 90' lang='lat' dir='ltr'>tendit</span> <span class='ocrx_word' id='word_1_225' title='bbox 371 2742 739 2824; x_wconf 84' lang='lat' dir='ltr'>impugnare</span> <span class='ocrx_word' id='word_1_226' title='bbox 788 2742 846 2800; x_wconf 94' lang='lat' dir='ltr'>in</span> <span class='ocrx_word' id='word_1_227' title='bbox 895 2741 1061 2802; x_wconf 67' lang='lat' dir='ltr'>dicto</span> <span class='ocrx_word' id='word_1_228' title='bbox 1112 2763 1241 2821; x_wconf 93' lang='lat' dir='ltr'>cap.</span> <span class='ocrx_word' id='word_1_229' title='bbox 1289 2743 1438 2815; x_wconf 89' lang='lat' dir='ltr'><strong>LV.‚</strong></span> <span class='ocrx_word' id='word_1_230' title='bbox 1489 2742 1657 2821; x_wconf 90' lang='lat' dir='ltr'>cujus</span> <span class='ocrx_word' id='word_1_231' title='bbox 1706 2739 2084 2802; x_wconf 63' lang='lat' dir='ltr'>intelle&lt;f³cum</span> 
     </span>
     <span class='ocr_line' id='line_1_30' title="bbox 125 2830 2084 2911; baseline 0.001 -21"><span class='ocrx_word' id='word_1_232' title='bbox 125 2831 233 2891; x_wconf 92' lang='lat' dir='ltr'>dat</span> <span class='ocrx_word' id='word_1_233' title='bbox 281 2830 520 2891; x_wconf 90' lang='lat' dir='ltr'>rubrica</span> <span class='ocrx_word' id='word_1_234' title='bbox 553 2850 714 2911; x_wconf 89' lang='lat' dir='ltr'>quae</span> <span class='ocrx_word' id='word_1_235' title='bbox 738 2831 905 2904; x_wconf 88' lang='lat' dir='ltr'>dicit,</span> <span class='ocrx_word' id='word_1_236' title='bbox 954 2844 1020 2891; x_wconf 89' lang='lat' dir='ltr'>ut</span> <span class='ocrx_word' id='word_1_237' title='bbox 1052 2830 1231 2911; x_wconf 91' lang='lat' dir='ltr'>supra</span> <span class='ocrx_word' id='word_1_238' title='bbox 1263 2832 1526 2911; x_wconf 90' lang='lat' dir='ltr'>pofitum</span> <span class='ocrx_word' id='word_1_239' title='bbox 1560 2831 1660 2904; x_wconf 88' lang='lat' dir='ltr'>est,</span> <span class='ocrx_word' id='word_1_240' title='bbox 1708 2832 1878 2911; x_wconf 90' lang='lat' dir='ltr'>quod</span> <span class='ocrx_word' id='word_1_241' title='bbox 1905 2832 2084 2892; x_wconf 89' lang='lat' dir='ltr'>Rom.</span> 
     </span>
     <span class='ocr_line' id='line_1_31' title="bbox 125 2919 2081 2999; baseline 0 -19"><span class='ocrx_word' id='word_1_242' title='bbox 125 2920 406 2999; x_wconf 86' lang='lat' dir='ltr'>pontifex</span> <span class='ocrx_word' id='word_1_243' title='bbox 453 2920 511 2979; x_wconf 90' lang='lat' dir='ltr'>in</span> <span class='ocrx_word' id='word_1_244' title='bbox 560 2933 761 2981; x_wconf 90' lang='lat' dir='ltr'>totam</span> <span class='ocrx_word' id='word_1_245' title='bbox 809 2920 1021 2982; x_wconf 87' lang='lat' dir='ltr'>Christi</span> <span class='ocrx_word' id='word_1_246' title='bbox 1071 2920 1382 2981; x_wconf 88' lang='lat' dir='ltr'>ecclefiam</span> <span class='ocrx_word' id='word_1_247' title='bbox 1438 2919 1840 2981; x_wconf 91' lang='lat' dir='ltr'>universalem</span> <span class='ocrx_word' id='word_1_248' title='bbox 1898 2928 2081 2999; x_wconf 81' lang='lat' dir='ltr'>p&#39;rae-</span> 
     </span>
     <span class='ocr_line' id='line_1_32' title="bbox 125 3007 2082 3090; baseline 0.001 -22"><span class='ocrx_word' id='word_1_249' title='bbox 125 3007 421 3070; x_wconf 88' lang='lat' dir='ltr'>lationem</span> <span class='ocrx_word' id='word_1_250' title='bbox 453 3009 659 3082; x_wconf 87' lang='lat' dir='ltr'>habet,</span> <span class='ocrx_word' id='word_1_251' title='bbox 710 3023 772 3070; x_wconf 90' lang='lat' dir='ltr'>et</span> <span class='ocrx_word' id='word_1_252' title='bbox 804 3010 898 3069; x_wconf 91' lang='lat' dir='ltr'>hic</span> <span class='ocrx_word' id='word_1_253' title='bbox 931 3009 1016 3070; x_wconf 90' lang='lat' dir='ltr'>est</span> <span class='ocrx_word' id='word_1_254' title='bbox 1063 3030 1242 3070; x_wconf 88' lang='lat' dir='ltr'>error</span> <span class='ocrx_word' id='word_1_255' title='bbox 1287 3011 1623 3071; x_wconf 90' lang='lat' dir='ltr'>modernus</span> <span class='ocrx_word' id='word_1_256' title='bbox 1673 3012 2082 3090; x_wconf 88' lang='lat' dir='ltr'>quorumdam</span> 
     </span>
     <span class='ocr_line' id='line_1_33' title="bbox 125 3097 2080 3181; baseline 0.001 -23"><span class='ocrx_word' id='word_1_257' title='bbox 125 3098 500 3160; x_wconf 89' lang='lat' dir='ltr'>Latinorum.</span> <span class='ocrx_word' id='word_1_258' title='bbox 547 3100 727 3159; x_wconf 89' lang='lat' dir='ltr'>Patet</span> <span class='ocrx_word' id='word_1_259' title='bbox 753 3119 911 3181; x_wconf 90' lang='lat' dir='ltr'>ergo</span> <span class='ocrx_word' id='word_1_260' title='bbox 947 3099 1192 3160; x_wconf 89' lang='lat' dir='ltr'>cuilibet</span> <span class='ocrx_word' id='word_1_261' title='bbox 1226 3100 1412 3160; x_wconf 91' lang='lat' dir='ltr'>etiam</span> <span class='ocrx_word' id='word_1_262' title='bbox 1445 3120 1665 3179; x_wconf 91' lang='lat' dir='ltr'>parum</span> <span class='ocrx_word' id='word_1_263' title='bbox 1698 3097 2080 3181; x_wconf 83' lang='lat' dir='ltr'>intelligenti,</span> 
     </span>
     <span class='ocr_line' id='line_1_34' title="bbox 126 3186 2080 3268; baseline 0.001 -21"><span class='ocrx_word' id='word_1_264' title='bbox 126 3189 295 3268; x_wconf 91' lang='lat' dir='ltr'>quod</span> <span class='ocrx_word' id='word_1_265' title='bbox 352 3189 431 3249; x_wconf 89' lang='lat' dir='ltr'>de</span> <span class='ocrx_word' id='word_1_266' title='bbox 490 3201 722 3268; x_wconf 6' lang='lat' dir='ltr'>mente,</span> <span class='ocrx_word' id='word_1_267' title='bbox 758 3211 802 3248; x_wconf 92' lang='grc'>5.</span> <span class='ocrx_word' id='word_1_268' title='bbox 861 3188 1150 3248; x_wconf 90' lang='lat' dir='ltr'>Thomae</span> <span class='ocrx_word' id='word_1_269' title='bbox 1215 3209 1341 3249; x_wconf 93' lang='lat' dir='ltr'>non</span> <span class='ocrx_word' id='word_1_270' title='bbox 1401 3188 1486 3248; x_wconf 90' lang='lat' dir='ltr'>est</span> <span class='ocrx_word' id='word_1_271' title='bbox 1542 3186 1732 3249; x_wconf 92' lang='lat' dir='ltr'>solum</span> <span class='ocrx_word' id='word_1_272' title='bbox 1790 3188 2080 3267; x_wconf 90' lang='lat' dir='ltr'>probare,</span> 
     </span>
     <span class='ocr_line' id='line_1_35' title="bbox 126 3277 2080 3356; baseline 0.001 -20"><span class='ocrx_word' id='word_1_273' title='bbox 126 3295 458 3338; x_wconf 87' lang='lat' dir='ltr'>erroneum</span> <span class='ocrx_word' id='word_1_274' title='bbox 517 3278 637 3337; x_wconf 87' lang='lat' dir='ltr'>esse</span> <span class='ocrx_word' id='word_1_275' title='bbox 698 3278 931 3350; x_wconf 89' lang='lat' dir='ltr'>dicere,</span> <span class='ocrx_word' id='word_1_276' title='bbox 1001 3279 1181 3339; x_wconf 91' lang='lat' dir='ltr'>Rom.</span> <span class='ocrx_word' id='word_1_277' title='bbox 1240 3277 1595 3356; x_wconf 90' lang='lat' dir='ltr'>pontificem</span> <span class='ocrx_word' id='word_1_278' title='bbox 1658 3298 1783 3338; x_wconf 97' lang='lat' dir='ltr'>non</span> <span class='ocrx_word' id='word_1_279' title='bbox 1846 3277 2080 3338; x_wconf 89' lang='lat' dir='ltr'>habere</span> 
     </span>
     <span class='ocr_line' id='line_1_36' title="bbox 126 3363 2081 3448; baseline 0.001 -23"><span class='ocrx_word' id='word_1_280' title='bbox 126 3363 558 3428; x_wconf 63' lang='lat' dir='ltr'>austoritatem</span> <span class='ocrx_word' id='word_1_281' title='bbox 591 3366 770 3446; x_wconf 90' lang='lat' dir='ltr'>super</span> <span class='ocrx_word' id='word_1_282' title='bbox 803 3376 1053 3427; x_wconf 86' lang='lat' dir='ltr'>omnem</span> <span class='ocrx_word' id='word_1_283' title='bbox 1087 3365 1399 3427; x_wconf 85' lang='lat' dir='ltr'>ecclesiam</span> <span class='ocrx_word' id='word_1_284' title='bbox 1432 3367 1490 3426; x_wconf 92' lang='lat' dir='ltr'>in</span> <span class='ocrx_word' id='word_1_285' title='bbox 1523 3366 1889 3446; x_wconf 86' lang='lat' dir='ltr'>particulari,</span> <span class='ocrx_word' id='word_1_286' title='bbox 1939 3367 2081 3448; x_wconf 91' lang='lat' dir='ltr'>quia</span> 
     </span>
     <span class='ocr_line' id='line_1_37' title="bbox 125 3454 2079 3535; baseline 0.001 -21"><span class='ocrx_word' id='word_1_287' title='bbox 125 3476 261 3514; x_wconf 91' lang='lat' dir='ltr'>eum</span> <span class='ocrx_word' id='word_1_288' title='bbox 307 3454 426 3515; x_wconf 92' lang='lat' dir='ltr'>hoc</span> <span class='ocrx_word' id='word_1_289' title='bbox 472 3456 787 3535; x_wconf 88' lang='lat' dir='ltr'>probasset</span> <span class='ocrx_word' id='word_1_290' title='bbox 834 3457 892 3515; x_wconf 93' lang='lat' dir='ltr'>in</span> <span class='ocrx_word' id='word_1_291' title='bbox 939 3456 976 3515; x_wconf 92' lang='grc' dir='ltr'>Ι.</span> <span class='ocrx_word' id='word_1_292' title='bbox 1025 3477 1183 3535; x_wconf 90' lang='lat' dir='ltr'>cap.,</span> <span class='ocrx_word' id='word_1_293' title='bbox 1244 3455 1458 3515; x_wconf 89' lang='lat' dir='ltr'>frustra</span> <span class='ocrx_word' id='word_1_294' title='bbox 1505 3456 1823 3529; x_wconf 87' lang='lat' dir='ltr'>addidisset</span> <span class='ocrx_word' id='word_1_295' title='bbox 1870 3455 2079 3516; x_wconf 90' lang='lat' dir='ltr'>secun-</span> 
     </span>
     <span class='ocr_line' id='line_1_38' title="bbox 125 3537 2079 3623; baseline 0.001 -20"><span class='ocrx_word' id='word_1_296' title='bbox 125 3544 287 3616; x_wconf 90' lang='lat' dir='ltr'>dum,</span> <span class='ocrx_word' id='word_1_297' title='bbox 335 3543 373 3603; x_wconf 89' lang='lat' dir='ltr'>fi</span> <span class='ocrx_word' id='word_1_298' title='bbox 408 3545 465 3603; x_wconf 93' lang='lat' dir='ltr'>in</span> <span class='ocrx_word' id='word_1_299' title='bbox 499 3542 601 3605; x_wconf 96' lang='lat' dir='ltr'>illo</span> <span class='ocrx_word' id='word_1_300' title='bbox 627 3546 800 3605; x_wconf 75' lang='lat' dir='ltr'>&#39;idem</span> <span class='ocrx_word' id='word_1_301' title='bbox 847 3545 1121 3623; x_wconf 89' lang='lat' dir='ltr'>probare</span> <span class='ocrx_word' id='word_1_302' title='bbox 1169 3537 1531 3619; x_wconf 82' lang='lat' dir='ltr'>intendisset,</span> <span class='ocrx_word' id='word_1_303' title='bbox 1581 3567 1695 3605; x_wconf 88' lang='lat' dir='ltr'>nec</span> <span class='ocrx_word' id='word_1_304' title='bbox 1742 3543 2079 3606; x_wconf 68' lang='lat' dir='ltr'>distinctam</span> 
     </span>
    </p>
   </div>
  </div>
 </body>
</html>
