2352 3808
1203 118 1273 170 36

264 296 344 355 ad
392 315 531 353 eam
585 314 710 353 non
770 294 1084 372 pertinere
1144 292 1454 353 clarisfime
1509 294 1912 368 dinoscuntur,
1970 317 2042 356 ac
2098 318 2213 376 per

263 385 383 444 1106
429 384 870 442 convincuntur
917 396 1136 461 aperte
1187 403 1312 442 non
1361 384 1481 443 esse
1525 382 1624 443 filii
1671 404 1896 463 papae,
1944 383 2049 445 sed
2092 405 2211 465 po-

264 474 381 534 tius
429 472 707 544 satanae,
768 492 881 530 nec
929 472 1049 530 esse
1109 471 1388 531 membra
1436 472 1646 532 Christi
1694 486 1757 532 et
1812 472 1944 551 ejus
1991 474 2212 544 vicarii,

265 563 387 622 imo
420 563 623 621 verius
658 561 936 620 membra
969 559 1226 637 diaboli3
1277 581 1389 619 nec
1419 560 1589 621 valet
1620 563 1842 634 dicere,
1892 563 2063 642 quod
2092 562 2214 622 hoc

265 652 490 711 saciant
560 670 685 710 non
756 650 836 708 ad
904 648 1276 727 potestatem
1346 649 1533 728 ipsam
1603 649 2042 724 evacuandam,
2109 650 2214 710 sed

264 736 529 822 propter
562 738 737 817 ipfius
772 737 987 797 abusus
1022 739 1456 798 tantummodo
1489 739 1982 813 refraenandum,
2027 761 2214 820 quum
2303 815 2306 818 .

265 830 408 888 ficut
470 826 743 906 potestas
807 827 963 886 haec
1025 828 1376 887 immediate
1440 829 1757 907 dependet
1819 850 1856 888 a
1919 830 2071 901 deo,
2140 829 2254 889 fic>

266 918 574 1001 abutentis
614 917 905 995 judicium
938 916 1128 975 debet
1159 916 1288 976 fieri
1321 916 1399 976 ab
1434 936 1511 976 eo
1545 931 1798 977 tantum.
1852 919 1997 978 Non
2030 918 2215 999 igitur

265 1006 614 1087 praesumat
676 1006 944 1064 humana
1007 1006 1325 1065 temeritas
1387 1006 1507 1067 1106
1564 1007 1664 1066 fibi
1723 1005 1883 1066 velle
1943 1007 2213 1066 indebite

266 1096 573 1175 usurpare,
634 1095 802 1174 quod
861 1094 962 1153 fibi
1009 1093 1112 1154 soli
1172 1096 1325 1154 deus
1374 1094 1567 1155 voluit
1624 1095 1955 1156 reservare.
2032 1096 2213 1155 Unde

267 1186 489 1244 merito
540 1205 756 1244 omnes
806 1197 869 1243 et
916 1182 1126 1264 finguli
1173 1184 1623 1265 recognoscere
1671 1185 1920 1258 debent,
1975 1184 2034 1244 se
2080 1184 2214 1244 sub-

257 1272 464 1354 jectos
514 1274 634 1332 esse
694 1273 829 1331 huic
875 1271 1191 1351 potestati,
1252 1273 1346 1332 cui·
1400 1287 1587 1352 prout
1635 1273 1949 1334 necessitas
2008 1273 2214 1354 exigit,

268 1386 344 1424 ex
391 1363 604 1422 debito
654 1375 943 1421 tenentur
990 1360 1418 1421 adminiculari.

400 1452 530 1511 Sed
577 1465 793 1510 contra
839 1451 1099 1529 primam
1146 1465 1391 1530 partem
1440 1451 1835 1513 conclusionis
1884 1452 2060 1531 hujus
2101 1451 2214 1512 ob-

258 1541 472 1621 jiciunt
506 1541 753 1620 quidam
786 1541 1079 1613 dicenteS,
1129 1542 1299 1620 quod
1348 1562 1482 1600 cum
1530 1562 1655 1615 non
1691 1542 1758 1600 s1t
1791 1542 1991 1602 minor
2024 1541 2215 1600 virtus

270 1631 326 1689 in
375 1643 512 1690 toto
562 1648 830 1708 corpore
879 1650 1064 1709 quam
1097 1630 1154 1687 in
1200 1629 1331 1708 ejus
1381 1631 1599 1709 capite,
1647 1630 1770 1689 imo
1819 1629 2034 1708 major,
2082 1651 2216 1689 cum

269 1740 454 1779 omne
504 1731 705 1778 totum
752 1718 818 1777 fit
866 1717 1061 1796 majus
1110 1718 1211 1778 sua
1257 1732 1456 1797 parte,
1506 1733 1568 1778 et
1608 1740 1776 1798 papa
1822 1731 2218 1798 comparetur

270 1809 349 1868 ad
397 1806 798 1866 universalem
847 1806 1159 1866 ecclefiam
1206 1808 1347 1866 ficut
1389 1829 1535 1886 pars
1570 1809 1649 1868 ad
1683 1822 1899 1880 totum,
1947 1808 2088 1888 quia
2134 1806 2219 1868 est

270 1910 453 1975 caput
501 1896 693 1975 ipfius,
740 1895 1019 1975 sequitur,
1069 1897 1237 1975 quod
1271 1896 1308 1955 fi
1340 1896 1661 1975 plenitudo
1705 1896 2025 1975 potestatis
2059 1897 2126 1956 fit
2158 1897 2217 1955 in

268 2006 451 2065 papa,
501 1985 723 2044 eadem
756 1998 819 2044 et
854 1985 1055 2063 major
1104 1986 1218 2044 erit
1265 1986 1323 2044 in
1373 1985 1621 2045 ecclefia
1667 1984 2001 2059 universali,
2049 1984 2216 2063 cujus

269 2074 391 2153 ipse
426 2074 509 2133 est
540 2095 684 2152 pars
720 2087 782 2133 et
819 2087 1017 2152 caput.
1086 2074 1167 2133 Et
1216 2074 1626 2144 confirmatur,
1675 2075 1816 2153 quia
1864 2073 2067 2154 aliqua
2098 2093 2215 2153 po-

269 2162 450 2223 testas
499 2162 597 2222 vel
647 2160 984 2223 auctoritas
1041 2162 1125 2221 est
1173 2163 1230 2222 in
1287 2163 1562 2236 ecclesla,
1623 2184 1781 2243 quae
1842 2184 1966 2224 non
2027 2162 2112 2223 est
2157 2163 2216 2222 in

268 2273 449 2331 papa,
498 2251 782 2311 videlicet
830 2251 1156 2311 affirmatio
1191 2253 1249 2310 in
1283 2252 1420 2325 fide,
1470 2253 1548 2312 de
1598 2273 1720 2332 qua
1767 2252 2019 2325 dicitur,⁴
2047 2252 2216 2331 quod

269 2339 518 2401 ecclefia
567 2362 777 2400 errare
828 2361 952 2400 non
993 2340 1210 2419 potest,
1249 2341 1428 2419 juxta
1461 2340 1605 2401 illud
1637 2342 1775 2400 LuC.
1809 2341 2024 2400 XXII.:
2072 2340 2216 2422 Ego

268 2449 386 2509 pro
436 2444 498 2489 te
546 2430 784 2511 rogavi,
832 2430 1039 2502 Petre,
1089 2443 1154 2488 ut
1202 2450 1327 2490 non
1377 2430 1619 2490 deficiat
1665 2429 1818 2490 fides
1868 2443 2000 2507 tua3
2048 2429 2217 2510 quod

270 2539 395 2578 non
428 2519 506 2578 de
547 2518 667 2578 fide
707 2517 1012 2596 personali
1059 2519 1221 2578 Petri
1270 2518 1496 2578 dictum
1544 2518 1644 2591 est,
1693 2540 1828 2578 cum
1876 2517 1998 2597 ipse
2047 2537 2216 2578 erra-

270 2608 442 2681 verit,
490 2607 594 2667 sed
627 2609 706 2667 de
740 2607 860 2667 fide
896 2606 1199 2680 ecclefiae,
1249 2609 1327 2668 de
1371 2628 1493 2687 qua
1526 2604 1741 2667 dicitur
1774 2607 1992 2666 Matth.
2029 2607 2215 2667 XVI.:

268 2697 349 2756 Et
395 2709 620 2775 portae
669 2697 843 2756 inferi
893 2715 1018 2755 non
1066 2695 1517 2775 praevalebunt
1566 2695 1854 2756 adversus
1904 2716 2060 2769 eam,
2107 2693 2216 2755 scil.

242 2783 595 2844 'ecclefiam
658 2786 839 2845 Unde
887 2784 1256 2845 concludunt
1304 2807 1381 2845 ex
1427 2785 1561 2857 hoc,
1610 2804 1736 2844 non
1786 2785 1905 2844 esse
1952 2783 2215 2863 plenitu-

270 2874 475 2933 dinem
522 2874 841 2952 potestatis
890 2874 947 2932 in
995 2894 1187 2952 papa,
1244 2896 1381 2934 cum
1429 2872 1678 2933 ecclesla
1715 2874 1954 2934 habeat
1999 2871 2215 2933 aucto-

269 2963 516 3022 ritatem
550 2976 614 3022 et
646 2962 1019 3041 potestatem
1060 2961 1342 3043 aliquam,
1393 2983 1578 3043 quam
1625 2983 1749 3022 non
1796 2962 1986 3022 habet
2031 2982 2216 3041 papa,

269 3049 445 3111 videl.
493 3050 750 3130 speciale
798 3050 1185 3132 privilegium
1232 3051 1547 3133 singularis
1597 3049 1996 3125 auctoritatiS,
2045 3049 2215 3130 quod

270 3140 328 3197 in
375 3139 494 3199 fide
544 3158 669 3199 non
716 3139 919 3219 potest
974 3161 1200 3200 errare.
1270 3140 1399 3200 Sed
1448 3141 1527 3200 ad
1575 3140 1694 3201 hoc
1741 3137 1992 3199 faciliter
2037 3151 2216 3218 patet

271 3226 593 3306 responfiO.
655 3230 835 3289 Unde
869 3230 950 3289 ad
981 3230 1244 3308 primum
1291 3230 1631 3302 dicendum,
1679 3228 1846 3308 quod
1876 3226 2015 3287 licet
2046 3248 2215 3308 papa

270 3314 336 3374 fit
383 3336 527 3393 pars
576 3330 638 3376 et
685 3310 932 3379 ecclefia
980 3331 1196 3391 totum,
1245 3328 1370 3377 non
1419 3332 1628 3378 tamen
1675 3317 1754 3376 ab
1799 3316 1919 3376 hoc
1966 3315 2050 3377 est
2094 3336 2211 3396 po-

271 3402 453 3463 testas
500 3425 706 3483 pap—ae
755 3408 955 3467 minor
1000 3406 1308 3485 potestate
1346 3408 1532 3468 totius
1567 3403 1867 3477 ecclefiae,
1915 3405 2056 3484 quia
2087 3425 2212 3467 non

270 3492 587 3570 dependet
636 3494 714 3552 ab
764 3516 856 3568 ea,
905 3495 1006 3555 sed
1039 3516 1076 3555 a
1109 3497 1232 3556 deo
1273 3495 1400 3557 solo
1434 3495 1800 3556 immediate.
1856 3494 2210 3576 Argumen-
