2352 3808
1035 150 1108 203 49

74 329 269 406 super
317 325 460 386 illud
491 328 631 386 Luc.
661 326 818 386 ΧΙΙ..·
874 326 1018 407 Ego
1066 326 1289 406 rogavi
1337 325 1444 384 &e
1490 324 1698 403 Super
1746 343 1871 403 quo
1920 343 2051 381 ma-

90 415 275 498 gister
321 414 611 476 Nicolaus
662 414 872 474 Gorra
920 415 1089 486 dicit,
1154 428 1221 473 ut
1281 435 1404 474 non
1454 412 1697 473 deficiat
1744 411 1899 470 fides
1947 423 2055 469 tua

92 506 123 564 i.
151 526 201 564 e.
250 503 536 564 ecclefiae
584 503 691 563 tibi
739 504 1104 575 commissae,
1153 497 1339 583 qua'm
1386 504 1445 562 in
1494 523 1572 561 ea
1611 502 1829 560 Petrus
1877 498 2054 578 plan-

93 595 261 654 tavit.
322 594 476 653 Item
523 593 687 652 dom.
735 593 929 674 I-Iugo
980 591 1302 652 cardinalis
1349 590 1448 654 vel
1498 591 1811 671 quaedam
1858 587 2057 670 glossa

93 680 449 764 marginalis
497 682 555 741 in
604 680 842 760 postilla
888 680 991 741 sua
1038 680 1217 760 super
1250 682 1480 742 eodem
1526 681 1694 760 passu
1726 680 1817 755 ‚sic
1864 677 2056 737 habet

92 785 528 853 argumentum
559 790 677 850 pro
712 792 864 831 rom.
900 769 1163 842 ecclesia,
1198 771 1402 830 Naum
1435 772 1573 850 pri:
1621 770 1767 830 Non
1802 766 2050 846 adjiciet

93 860 270 934 ultra,
317 874 384 920 ut
430 860 818 939 pertranseat
866 861 924 919 in
973 873 1036 919 te
1084 859 1293 919 Belial.
1351 861 1505 919 Item
1553 879 1714 940 mag.
1763 855 2056 917 Nicolaus

31 947 33 949 ’
93 951 173 1010 de
219 950 363 1009 Lira
408 949 588 1028 super
635 950 830 1009 verbo
880 948 1237 1028 praedicto:
1286 950 1428 1030 Ego
1478 949 1703 1030 rogavi
1751 946 1888 1020 &Q
1937 946 2059 1005 hoc

93 1039 309 1100 dicitur
349 1038 506 1098 eise.
538 1040 724 1099 Petro
775 1059 854 1099 eo
905 1039 1075 1119 quod
1124 1037 1393 1098 ecclesiia
1439 1038 1541 1097 sibi
1590 1050 1726 1096 erat
1775 1035 2056 1096 commit-

93 1129 311 1201 tenda,
371 1142 437 1188 ut
483 1128 750 1188 habetur
794 1129 1009 1207 Joann.
1069 1126 1199 1200 ult.‚
1260 1128 1360 1188 ubi
1420 1141 1516 1187 ter
1575 1127 1791 1186 dicitur
1837 1126 2058 1184 Petro:

92 1217 272 1278 Pasce
333 1239 535 1300 agnos
595 1238 787 1278 meos,
878 1218 975 1277 Ex
1021 1217 1141 1277 hoc
1195 1230 1400 1296 patet,
1461 1217 1650 1275 etiam
1697 1214 1884 1274 fidem
1932 1234 2058 1274 non

94 1306 362 1367 deficere
411 1329 607 1388 usque
656 1308 736 1367 ad
770 1306 1359 1367 consummationem
1391 1306 1616 1376 mundi,
1665 1303 1967 1383 potissime
2000 1303 2059 1361 in

96 1394 346 1456 ecclesia
391 1417 562 1470 rom„
611 1418 772 1476 quae
822 1418 859 1456 a
900 1398 1087 1456 Petro
1138 1417 1233 1475 ap.
1275 1394 1411 1474 post
1456 1393 1753 1454 Christum
1802 1393 2059 1452 fundata

96 1485 193 1546 est.
241 1486 419 1545 Haec
450 1484 564 1545 ille.
619 1486 762 1546 Hoc
809 1486 972 1546 idem
1006 1484 1331 1545 confirmat
1364 1485 1784 1561 Hieronymus
1833 1483 2059 1554 dicenS‚

95 1575 266 1656 quod
313 1574 466 1634 fides
500 1596 652 1636 rom.
687 1573 972 1634 ecclesiae
1005 1570 1255 1654 semper
1281 1574 1401 1633 sine
1435 1572 1675 1633 macula
1708 1573 1816 1632 fuit
1850 1585 1913 1630 et
1947 1571 2062 1630 erit

52 1686 60 1695 ’
95 1685 291 1744 usque
341 1665 421 1724 ad
470 1663 1059 1725 consummationem
1106 1661 1340 1724 saeculi.
1389 1664 1561 1722 Facit
1595 1663 1781 1722 etiam
1813 1662 1895 1721 ad
1928 1661 2063 1733 hoe,

96 1754 267 1834 quod
326 1754 467 1814 dicit
521 1755 739 1814 Petrus
795 1755 873 1814 de
921 1752 1152 1813 Palude
1202 1755 1261 1813 in
1310 1765 1577 1813 tractatu
1626 1753 1706 1811 de
1754 1750 2064 1830 potestate

99 1841 387 1903 ecclesiae
437 1857 547 1903 art.
594 1845 708 1917 IV„
755 1842 933 1904 videl.
983 1844 1154 1923 quod
1202 1842 1607 1903 aucftoritates
1656 1861 1808 1901 rom.
1856 1840 2063 1918 ponti—

98 1931 277 1992 ficum
335 1933 394 1992 in
454 1932 630 1993 causa
687 1934 957 2012 propria,
1000 1932 1327 1992 secundum
1374 1932 1706 1991 veritatem
1753 1929 1885 1989 sunt
1933 1927 2064 1988 effi-

99 2023 390 2097 caciores,
438 2022 476 2081 fi
526 2023 921 2083 attendamus
971 2020 1115 2082 illud
1162 2023 1423 2082 verbum
1451 2020 1663 2081 Christi
1712 2021 1793 2079 ad
1816 2020 2068 2079 Petrum

99 2133 216 2191 pro
265 2111 324 2171 se
373 2125 438 2172 et
484 2111 588 2172 sua
633 2111 793 2184 sede,
842 2113 982 2171 Luc,
1031 2111 1250 2171 XXII.:
1322 2111 1466 2193 Ego
1516 2111 1742 2191 rogavi
1790 2122 1903 2168 etc.
1972 2108 2069 2167 Ex

100 2220 226 2280 quo
285 2201 576 2275 habetur,
637 2202 809 2281 quod
867 2219 1019 2261 rom.
1081 2199 1332 2261 ecclesia
1391 2202 1449 2260 in
1509 2199 1630 2259 side
1681 2219 1893 2258 errare
1943 2216 2068 2256 non

101 2289 319 2368 potest,
350 2286 396 2362 1)
446 2312 560 2350 nec
606 2291 686 2351 de
736 2290 867 2369 ejus
916 2290 1038 2350 fide
1087 2290 1371 2350 dubitare
1405 2288 1562 2353 licet,
1611 2287 1714 2347 sed
1762 2289 1821 2347 in
1855 2287 2067 2348 ‚omni-

101 2379 216 2438 bus
250 2379 335 2439 est
366 2379 760 2460 sequendum.
821 2380 1003 2440 Unde
1038 2379 1162 2459 ipse
1195 2400 1240 2438 S.
1273 2377 1634 2438 Ambrosius
1676 2378 1734 2436 in
1785 2376 2068 2437 omnibus

102 2466 267 2617 sOequi
315 2468 665 2616 magfiistram
711 2490 758 2528 S.
791 2489 944 2529 rom.
992 2467 1307 2528 ecclesiam
1349 2466 1681 2546 profitetur
1726 2466 1915 2526 XXII.
1949 2464 2070 2525 dist.

168 2578 342 2618 mnes
377 2579 407 2618 1.
475 2605 487 2616 .

743 2693 904 2751 XIV.
966 2692 1426 2751 CONCLUSIO.

109 2794 273 2864 Quod
301 2793 425 2846 illud
453 2794 676 2846 verbum
706 2794 915 2857 Christi,
958 2794 1127 2847 Math.
1157 2795 1337 2846 XVI.:
1380 2792 1507 2845 Tibi
1535 2792 1677 2843 dabo
1705 2791 1884 2843 claves
1923 2791 2073 2858 regni

293 2868 580 2932 coelorum,
625 2877 679 2920 et
719 2869 1074 2937 quodcunque
1112 2868 1363 2936 ligaveris
1402 2867 1516 2929 &c.,
1560 2865 1761 2919 dictum
1801 2866 1878 2917 est
1912 2867 2073 2917 Petro

292 2951 350 2996 ut
400 2943 642 3011 singulari
693 2944 976 3012 personae,
1032 2960 1139 2995 non
1178 2950 1236 2994 ut
1274 2941 1620 2994 universalem
1661 2940 1937 2993 ecclesiam
1986 2957 2073 2991 re-

292 3018 659 3087 praesentanti.

239 3109 563 3182 Probatur,
613 3128 756 3168 nam
804 3107 1053 3181 constat,
1111 3109 1282 3187 quod
1330 3108 1492 3167 idem
1542 3106 1640 3181 est,
1689 3107 1781 3165 cui
1828 3106 2073 3164 dicitur:

235 3256 281 3312 1)
314 3257 372 3297 So
405 3258 475 3297 die
511 3257 776 3313 Incunabel3
810 3255 1162 3296 wahrscheinlich
1195 3255 1346 3308 geho'rt
1377 3256 1481 3295 aber
1513 3253 1622 3294 nach
1655 3253 1732 3292 der
1764 3252 1978 3305 sonstigen
1994 3252 2075 3292 Be-

112 3330 404 3384 weisfiihrung
435 3328 795 3371 Turrecremata’s
833 3329 1088 3385 „finaliter“
1135 3329 1259 3370 dazu.
1324 3329 1453 3369 Denn
1494 3327 1739 3381 abgesehen
1771 3327 1930 3381 davon,
1975 3326 2076 3366 dass

112 3418 154 3444 er
186 3404 282 3444 eine
314 3403 456 3446 solche
488 3406 734 3460 Folgerung
765 3419 839 3446 aus
863 3405 963 3445 dem
980 3404 1379 3458 Vorausgehenden
1407 3403 1524 3443 nicht
1549 3403 1729 3443 machen
1753 3402 1889 3457 kann,
1922 3400 2077 3441 wider-

113 3477 274 3532 spricht
316 3477 370 3518 sle
411 3479 531 3520 nicht
569 3493 648 3520 nur
689 3481 788 3520 dem
830 3493 994 3532 ganzen
1026 3478 1231 3532 Eingang
1269 3478 1409 3518 dieser
1449 3476 1691 3532 Conclusio,
1740 3476 1926 3517 sondern
1968 3474 2080 3515 auch

114 3551 336 3605 Conclusio
370 3563 414 3607 2,
454 3565 524 3608 10,
564 3565 614 3594 12
639 3555 734 3595 'und
767 3555 866 3595 dem
898 3554 1133 3607 folgenden
1167 3553 1254 3601 111„
1290 3552 1416 3592 Theil
1447 3557 1631 3605 punctus
1666 3551 1754 3592 ΙΙΙ.

163 3663 166 3668 .
201 3631 506 3669 Turrecremata.
1692 3628 1721 3667 4
