2352 3808
1065 138 1132 190 27

5 311 8 314 ⁴
87 331 225 379 .tor
281 315 526 399 reliquit
581 338 693 378 eos
742 318 799 376 in
855 315 1142 377 libertate
1202 315 1304 376 sua
1352 330 1415 376 et
1465 316 1607 395 jure
1668 311 2076 381 ecclesiastico,

122 427 291 486 papa
349 408 520 468 dedit
567 404 1006 467 auctoritatem
1064 405 1256 478 suam,
1319 419 1387 465 ut
1435 405 1509 465 fic
1556 402 1871 484 illegitime
1929 422 2075 462 con-

120 497 372 578 gregati
420 494 803 556 nihilominus
838 496 1081 574 possent
1114 493 1433 555 concilium
1467 491 1801 554 celebrare.
1860 490 1940 550 Et
1974 490 2078 550 ista

120 584 361 665 papalis
411 583 793 646 auctoritatis
845 585 1223 664 interpositio
1273 597 1533 644 vocatur
1581 583 1675 643 hic
1723 600 2076 662 congrega-

121 675 236 748 tio,
285 675 428 755 quia
475 673 624 734 alias
674 675 823 734 esset
871 673 1278 735 contradictio
1328 675 1385 735 in
1434 674 1668 747 verbiS‚
1718 685 1781 732 et
1829 667 2076 751 praesu-

121 764 411 824 mendum
445 763 544 837 est,
593 765 763 844 quod
798 765 877 824 ad
917 785 1137 843 preces
1174 778 1236 824 et
1270 763 1723 846 suggestionem
1772 759 2075 821 dictorum

119 851 545 933 praelatorum
608 874 775 933 papa
833 852 998 914 suam
1062 852 1500 915 auctoritatem
1560 850 1948 931 interposuit,
2013 864 2076 910 et

119 955 260 1003 tunc
307 943 700 1003 crediderunt
732 943 790 1003 se
826 944 904 1003 ad
938 942 1256 1003 concilium
1304 941 1579 1024 legitime
1629 954 2076 1023 congregatos,

116 1031 197 1092 Et
231 1045 398 1105 nota,
448 1033 618 1112 quod
653 1031 736 1092 isti
770 1031 1036 1112 episcopi
1084 1053 1209 1093 non
1259 1033 1504 1092 fuerunt
1539 1031 1717 1111 hujus
1752 1030 2075 1109 opinioniS„

116 1122 286 1201 quod
334 1121 568 1200 ipfimet
601 1122 691 1193 sie,
741 1136 806 1182 ut
842 1122 1231 1201 praemissum
1265 1121 1364 1194 est,
1414 1121 1784 1203 congregati
1833 1120 2075 1199 possent

116 1209 303 1289 ipsam
353 1212 915 1293 congregationem
962 1209 1346 1293 illegitimam
1393 1211 1733 1292 legitimam
1771 1210 1976 1270 facere
2012 1222 2075 1268 et

116 1299 306 1379 ipsum
339 1299 657 1361 concilium
702 1301 960 1361 fundare
995 1314 1059 1361 et
1090 1299 1377 1381 prosequi
1425 1314 1722 1381 tanquam
1770 1299 2073 1359 habentes

115 1388 547 1451 auctoritatem
606 1391 959 1452 immediate
1008 1411 1046 1451 a
1093 1391 1216 1452 deo
1276 1411 1354 1451 eo
1405 1389 1571 1451 facto
1631 1410 1756 1470 quo
1807 1408 2071 1470 congre-

112 1479 270 1560 gati,
318 1493 385 1540 ut
432 1480 681 1560 quidam
729 1480 916 1541 hodie
964 1493 1210 1559 putant,
1260 1481 1402 1560 quia
1448 1480 1486 1539 fi
1536 1480 1620 1539 ita
1669 1479 1890 1555 suisset,
1946 1497 2072 1538 non

113 1567 347 1629 diceret
395 1581 631 1629 textus:
681 1568 1054 1631 auctoritate
1088 1570 1440 1647 Symmachi
1474 1581 1887 1650 congregata,
1936 1588 2072 1627 cum

112 1658 191 1717 de
254 1655 422 1719 facto
486 1657 649 1719 illam
712 1679 838 1720 non
910 1660 1376 1741 congregasset,
1447 1659 1550 1719 sed
1613 1670 2070 1739 congregatam

112 1747 524 1826 approbasset.
586 1748 948 1819 Praesertim
985 1762 1194 1809 tamen
1243 1750 1363 1810 hoc
1411 1747 1784 1809 existimandi
1833 1746 2071 1806 causam

113 1836 454 1909 habebant,
503 1839 645 1918 quia
693 1839 772 1898 de
820 1859 1028 1917 papae
1078 1838 1359 1917 ejusdem
1397 1838 1629 1918 judicio
1679 1834 2071 1896 tractandum

113 1939 263 1986 erat.
326 1926 515 2004 Quod
555 1927 593 1986 fi
642 1948 925 2007 quaeraS‚
952 1929 1120 2008 ‚quid
1167 1927 1291 2001 fiet,
1339 1928 1377 1987 si
1426 1948 1595 2007 papa
1642 1926 1708 1986 fit
1756 1925 2069 2005 requisitus

113 2034 237 2076 non
284 2015 434 2076 velit
482 2015 800 2077 concilium
860 2038 1260 2099 congregare
1308 2016 1408 2077 vel
1459 2029 1856 2099 congregato
1905 2014 2070 2074 suam

111 2097 546 2166 auctoritatem
580 2106 1009 2186 interponere:
1059 2109 1213 2179 dico,
1251 2108 1422 2188 quod
1457 2121 1599 2167 tunc
1631 2105 2071 2167 recurrendum

111 2193 195 2253 est
253 2195 333 2254 ad
391 2196 576 2255 deum
636 2210 932 2276 tanquam
991 2196 1070 2256 ad
1130 2197 1448 2256 dominum
1506 2193 1936 2276 principalem,
2003 2206 2069 2252 ut

110 2281 277 2343 suum
323 2285 614 2344 vicarium
674 2284 967 2346 illuminet
1016 2299 1080 2345 et
1129 2287 1405 2368 corrigat
1451 2284 1551 2346 vel
1611 2286 1691 2345 de
1748 2282 1868 2344 alio
1926 2282 2068 2342 suae

112 2370 277 2450 plebi
324 2375 672 2452 provideat,
721 2389 788 2435 ut
821 2376 879 2435 in
911 2376 973 2436 II.
1007 2374 1391 2436 conclufione
1440 2374 1668 2436 dictum
1702 2373 1787 2434 est
1819 2386 1882 2432 et
1915 2372 2070 2431 infra

112 2460 361 2522 dicetur.

800 2613 871 2671 V.
933 2612 1384 2673 CONCLUSIO.

112 2743 277 2811 Quod
315 2744 511 2796 nedum
552 2746 886 2808 convocati0‚
932 2745 1018 2797 sed
1047 2747 1207 2797 etiam
1246 2745 1500 2797 mediatio
1529 2752 1583 2797 et
1609 2744 1912 2796 terminatio
1940 2760 2065 2794 con-

296 2818 399 2869 cilii
448 2819 517 2871 ad
567 2837 764 2888 papam
815 2821 1046 2888 pertinet
1096 2821 1170 2873 ita
1221 2821 1391 2888 quod,
1447 2837 1583 2888 quae
1634 2819 1706 2871 ibi
1757 2817 2064 2879 tractantur,

295 2893 602 2945 ordinantur
628 2895 711 2946 vel
754 2895 1059 2958 statuuntur,
1098 2913 1210 2948 non
1249 2895 1452 2947 habent
1491 2895 1653 2946 robur
1679 2903 1770 2946 aut
1796 2895 1904 2945 vim
1932 2893 2066 2960 legis

294 2968 384 3020 nis1
426 2968 616 3020 eadem
658 2967 948 3023 auctoritas
987 2988 1161 3039 papae
1203 2970 1495 3022 confirmet.

242 3088 422 3148 Patet
470 3087 770 3150 conclufio
822 3111 898 3149 ex
945 3091 1151 3150 verbis
1199 3089 1235 3150 s.
1282 3091 1587 3163 Thomae‚
1636 3090 1736 3149 ubi
1783 3088 1962 3167 supra
2009 3087 2067 3147 in

112 3175 501 3257 responsione
562 3179 642 3239 ad
699 3178 1053 3251 secundum,
1121 3180 1223 3240 ubi
1281 3180 1450 3252 dicit,
1510 3180 1679 3259 quod
1738 3178 1818 3237 ad
1876 3174 2067 3236 solum

111 3285 340 3345 papam
387 3268 660 3346 pertinet
708 3266 1024 3329 concilium
1073 3288 1423 3330 convocare
1460 3282 1523 3328 et
1557 3267 1688 3346 ejus
1734 3266 2066 3327 sententias

113 3355 484 3433 approbare.
546 3357 688 3417 Hoc
720 3357 884 3417 idem
932 3370 1107 3418 tenet
1139 3358 1429 3418 Herveus
1479 3357 1756 3436 expresse
1798 3357 1855 3416 in
1904 3369 2064 3416 trac-

112 3456 243 3503 tatu
290 3443 394 3505 suo
442 3445 522 3507 de
570 3445 876 3525 potestate
925 3467 1148 3526 papae.
1209 3447 1379 3507 Idem
1422 3459 1597 3524 patet
1629 3466 1746 3529 per
1778 3467 1822 3506 e.
1855 3443 2064 3506 Multis

111 3531 295 3592 XVII.
327 3532 449 3593 dist
510 3533 718 3595 Multis
767 3535 974 3595 denuo
1025 3534 1369 3615 apostolicis
1411 3548 1474 3596 et
1522 3535 1828 3596 canonicis
1876 3547 2063 3615 atque
