2352 3808
1070 137 1104 189 3

87 314 519 375 sacerdotium
566 315 687 374 cito
737 313 1035 373 efficiatur
1083 312 1380 373 animale?
1459 313 1582 389 Qui
1629 315 1863 373 utinam
1909 314 2071 373 redi-

111 416 250 464 rent
298 405 378 464 ad
427 424 560 481 cor3
610 423 751 462 nam
798 400 939 464 licet
988 404 1227 463 necesse
1261 403 1329 463 fit
1372 415 1438 462 ut
1470 402 1723 462 veniant
1769 401 2072 478 scandala,

110 499 554 561 verumtamen,
602 491 895 571 scriptura
943 492 1111 567 teste,
1159 514 1278 553 vae
1326 492 1557 552 homini
1604 489 1684 551 illi
1731 513 1848 572 per
1887 513 2073 573 quem

109 581 456 644 scandalum
502 582 685 643 venit.
761 582 827 642 In
876 580 1087 642 talium
1137 583 1299 642 enim
1346 580 1772 643 scandalorum
1821 582 2071 644 atstores

54 676 56 678 ’
110 672 316 733 divina
362 671 510 733 ultio
561 672 748 732 etiam
796 670 1228 752 temporaliter
1259 671 1570 734 dilationis
1620 672 1947 752 impatiens
1980 670 2070 733 le-

109 763 275 844 gitur
331 761 673 822 desaevisse.
750 761 970 822 Tradit
1028 783 1293 843 namque
1354 762 1596 823 historia
1656 783 2072 839 numerorum,

111 850 254 912 olim
311 851 682 911 insurrexisse
742 850 1162 933 conglobatos
1222 851 1471 925 levitaS,
1538 873 1836 932 proceres
1881 852 2070 931 syna-

107 959 327 1023 gogae
376 955 441 1002 et
489 943 590 1022 qui
646 956 935 1020 tempore
995 941 1227 1002 concilii
1286 964 1401 1022 per
1459 943 1710 1002 nomina
1755 943 2070 1003 vocaban-

70 1043 222 1103 tur,
282 1030 571 1091 adversus
619 1031 857 1105 Aaron,
916 1031 1210 1092 summum
1258 1033 1489 1094 domini
1545 1031 1951 1106 sacerdotem,
2012 1034 2071 1092 in

106 1118 209 1180 sua
255 1120 638 1181 multitudine
688 1121 1071 1182 confidentes
1120 1135 1309 1203 atque
1354 1122 1738 1183 san5titatem
1787 1120 2069 1204 allegan-

107 1223 202 1271 tes
253 1223 325 1271 ac
371 1210 429 1271 se
479 1211 712 1272 habere
773 1212 1088 1271 dominum
1135 1211 1496 1294 gloriantes,
1577 1212 1720 1286 Cur,
1778 1213 2070 1293 inquiunt,

107 1299 326 1362 Aaron
385 1300 564 1380 super
621 1300 922 1382 populum
981 1303 1211 1363 domini
1272 1302 1571 1363 elevaris?
1635 1301 1886 1363 sufficiat
1946 1303 2070 1377 tibi,

108 1391 276 1471 quod
335 1392 532 1451 omnis
600 1391 924 1452 multitudo
985 1391 1333 1453 sanctorum
1393 1394 1477 1453 est
1536 1405 1599 1452 et
1664 1393 1720 1452 in
1786 1393 1922 1472 ipfis
1988 1392 2072 1454 est

106 1481 405 1540 dominus
463 1481 592 1541 Sed
639 1502 863 1542 revera
898 1482 1066 1562 quod
1100 1482 1226 1562 ipsa
1273 1482 1600 1543 multitudo
1651 1504 1813 1563 quae
1861 1481 2070 1543 summi

106 1568 258 1630 illius
316 1570 649 1631 sacerdotis
710 1570 930 1654 legalis
986 1574 1544 1652 praeeminentiam
1603 1572 1812 1652 injuste
1861 1573 2069 1652 depri-

106 1681 277 1720 mere
339 1659 693 1742 satagebat,
757 1683 883 1723 non
946 1661 1323 1737 san6torum,
1386 1663 1492 1723 sed
1555 1661 1941 1724 insolentium
2005 1675 2070 1725 et

106 1764 547 1830 protervorum
607 1752 905 1825 extiterit,
971 1751 1166 1812 subita
1225 1774 1297 1812 ac
1355 1754 1557 1836 rigida
1621 1753 2068 1813 animadversio

110 1839 429 1919 patefecit3
478 1853 742 1921 quorum
782 1838 996 1902 slmiles
1044 1843 1311 1921 praefati
1345 1844 1630 1904 moderni
1678 1844 1911 1903 utinam
1945 1861 2072 1912 non

109 1930 495 1994 inveniantur
526 1931 584 1990 in
628 1952 855 2010 poena,
905 1932 1006 2012 qui
1039 1945 1106 1992 ut
1138 1933 1383 1992 videtur
1430 1932 1646 1994 similes
1695 1931 1807 1993 illis
1855 1931 2074 1995 volunt

110 2019 230 2080 esse
278 2020 337 2079 in
385 2018 578 2099 culpa.
626 2020 871 2081 Horum
919 2023 1104 2103 igitur
1153 2023 1443 2101 opinioni,
1491 2024 1758 2083 veritate
1807 2036 1874 2083 ut
1922 2044 2071 2085 con-

108 2107 232 2170 fido
267 2107 597 2170 illustrante
630 2110 918 2190 inspecta,
967 2112 1252 2192 quicquid
1286 2111 1436 2173 alias
1470 2112 1769 2188 senserim,
1819 2114 2071 2192 cupiens

109 2212 295 2279 prout
327 2214 552 2282 teneor
585 2200 858 2274 obviare,
906 2200 1266 2281 sequentem
1300 2202 1650 2277 tractatum,
1700 2203 1792 2262 cui
1832 2203 1912 2263 de
1954 2224 2072 2282 po-

111 2288 328 2349 testate
388 2287 675 2350 ecclefiae
725 2303 790 2351 et
836 2289 1070 2351 concilii
1128 2291 1443 2373 generalis
1502 2291 1743 2353 titulum
1798 2313 2072 2372 praeno-

110 2378 260 2452 tavi,
317 2377 663 2439 sancstorum
722 2393 1019 2460 quantum
1065 2380 1227 2440 valui
1287 2382 1523 2443 innixus
1583 2381 2072 2456 au&oritatibu8,

111 2466 244 2526 rudi
290 2465 418 2528 stilo
475 2489 548 2528 ac
601 2469 775 2529 brevi
833 2468 1116 2531 sermone
1172 2473 1465 2554 compegi
1509 2472 1692 2552 juxta
1746 2473 2073 2533 materiam

110 2556 473 2636 inquirendo
534 2557 882 2618 sermonem
929 2579 1230 2640 moreque
1289 2561 1594 2623 scolastico
1644 2562 2073 2641 procedendO,

111 2643 190 2705 nil
238 2659 448 2706 tamen
482 2646 539 2706 in
573 2647 665 2708 his
697 2649 1098 2728 pertinaciter
1146 2650 1489 2725 asserendo,
1538 2650 1642 2711 sed
1690 2652 1898 2730 potius
1933 2672 2071 2712 cor-

110 2733 369 2796 recfftioni
427 2736 484 2795 ss.
542 2736 697 2798 sedis
758 2759 854 2818 ap.
913 2751 978 2799 et
1037 2740 1538 2800 determinationi
1606 2739 1942 2801 sanctissimi
1996 2741 2074 2800 D.

110 2824 184 2884 N.
230 2825 289 2884 P.
335 2825 600 2906 Eugenii
646 2827 728 2886 IV
776 2827 995 2888 cun6ta
1048 2828 1446 2907 subjiciendo,
1508 2831 1624 2903 cui,
1684 2843 1752 2890 ut
1809 2830 2075 2890 habetur

109 2913 280 2974 XVII
334 2914 456 2974 dist.
503 2914 740 2989 Multis,
800 2917 1071 2997 majores
1129 2917 1230 2978 seu
1279 2918 1653 2980 difficiliores
1708 2919 1922 2980 causae
1973 2941 2072 2980 ec-

111 3001 323 3063 clefiae
371 3005 592 3065 merito
642 3005 1046 3067 reservantur.
1123 3007 1228 3068 Ad
1261 3009 1428 3088 quod
1462 3010 1649 3069 etiam
1697 3009 1856 3084 facit,
1904 3009 2075 3088 quod

111 3091 167 3152 b.
213 3092 634 3172 Hieronymus
694 3097 870 3174 ponit
927 3097 986 3156 in
1045 3117 1176 3176 cap.
1269 3098 1448 3158 Haec
1507 3098 1592 3159 est
1650 3097 1805 3159 fides
1863 3098 2075 3158 XXIV

114 3183 209 3261 qu.
254 3182 292 3242 Ι.
369 3183 547 3243 Haec
594 3184 703 3258 est,
751 3185 969 3266 inquit,
1016 3185 1198 3261 fides,
1245 3200 1429 3266 pater
1477 3187 1838 3261 beatissime,
1886 3209 2075 3268 quam

114 3269 173 3329 in
219 3270 521 3333 catholica
568 3274 883 3334 didicimus
932 3273 1182 3336 ecclelia
1229 3298 1540 3358 quamque
1584 3276 1827 3356 semper
1874 3278 2073 3338 tenui-

113 3379 278 3432 mUS,
334 3361 394 3420 in
451 3383 574 3442 qua
619 3363 658 3423 fi
717 3364 914 3423 minus
970 3365 1170 3443 perite
1229 3379 1336 3426 aut
1394 3387 1615 3445 parum
1672 3378 1852 3428 caute
1908 3366 2073 3428 forte

113 3445 340 3527 aliquid
385 3451 647 3529 positum
695 3452 806 3526 est,
863 3455 1181 3514 emendari
1240 3456 1515 3535 cupimus
1563 3476 1601 3516 a
1648 3468 1712 3527 te
1761 3457 1864 3538 qui
1908 3456 2074 3518 Petri

111 3534 299 3598 fidem
347 3550 411 3599 et
457 3538 664 3601 sedem
712 3554 906 3602 tenes,
969 3543 1037 3609 Si
1071 3556 1280 3609 autem
1328 3544 1483 3607 haec
1531 3546 1735 3608 nostra
1781 3545 2077 3608 confessio

151 3653 154 3657 .
1652 3648 1711 3691 1*
