2352 3808
1273 145 1306 195 2

316 316 643 395 antiquitas
692 315 814 391 illa,
866 318 1034 396 cujus
1081 319 1336 378 decreta
1382 333 1627 398 patrum
1674 326 2088 386 reverentiam
2132 326 2264 387 san-

313 418 562 479 xerunt,
622 404 914 466 nonnulla
962 405 1110 467 alias
1160 408 1430 468 inaudita
1479 423 1542 469 et
1589 412 2011 493 dogmatizare
2061 427 2124 474 et
2170 429 2263 476 at—

313 506 625 573 temptare
686 508 905 555 contra
954 496 1164 556 Christi
1222 496 1587 578 generalem
1633 502 1923 561 vicarium
1982 523 2106 564 non
2153 526 2262 565 ve-

312 596 539 643 rentur.
619 584 782 661 Quid
830 584 915 644 est
962 587 1139 660 enim,
1190 586 1469 662 obsecro,
1519 587 1708 663 illum,
1758 593 1848 651 cui
1895 592 1953 650 in
2001 592 2264 671 persona

310 673 474 731 Petri
509 671 756 732 *diffitum
805 673 918 733 est:
995 675 1092 734 Tu
1140 676 1464 736 vocaberis
1521 679 1750 758 cephas
1810 694 1874 740 et
1931 681 2037 741 tibi
2095 682 2260 744 dabo

312 759 517 821 claves
564 763 744 863 regni
777 762 1108 824 coelorum.
1176 765 1259 825 Et
1292 768 1702 848 quodcunque
1749 768 2047 871 ligaveris
2085 771 2264 851 super

312 865 569 925 terram,
629 853 745 911 erit
802 851 1060 934 ligatum
1118 867 1183 913 et
1241 856 1309 914 in
1358 855 1574 931 coeliS,
1635 878 1672 916 a
1729 858 1972 919 subditis
2033 861 2262 939 impeti,
2309 854 2311 856 ⁵

310 941 479 1000 citari
521 900 740 1022 illique
799 943 1086 1022 imperari
1148 965 1219 1003 ac
1277 945 1552 1006 inhibere
1615 946 1718 1006 sub
1782 949 2259 1010 comminatione
2305 951 2310 956 ”

307 1050 653 1110 poenarum
701 1052 815 1091 nec
862 1053 986 1093 non
1021 1046 1084 1092 et
1124 1047 1342 1094 contra
1389 1035 1576 1116 ipsum
1625 1037 2258 1099 anathematizationis

307 1139 380 1179 ac
411 1119 812 1199 suspensionis
847 1120 1178 1182 sententias
1214 1121 1568 1184 fulminare?
1624 1126 1934 1207 Numquid
1980 1128 2259 1188 membra

306 1222 491 1288 caput
551 1208 891 1289 subjicient,
953 1226 1058 1271 aut
1121 1235 1273 1273 oves
1336 1214 1644 1292 pastorem
1706 1217 2092 1295 oppriment?
2155 1231 2259 1278 aut

304 1296 458 1358 servi
505 1299 959 1378 patrisfamilias
1005 1323 1145 1362 eum
1179 1325 1362 1383 quem
1405 1305 1703 1365 constituit
1751 1306 2033 1366 dominus
2079 1305 2259 1386 super

304 1386 592 1449 familiam
624 1388 806 1464 suam,
855 1404 922 1450 ut
954 1392 1063 1450 det
1095 1390 1205 1451 illis
1247 1394 1304 1454 in
1339 1406 1626 1472 tempore
1675 1395 1851 1454 tritici
1899 1394 2256 1471 mensuram,

303 1476 472 1537 foras
508 1477 766 1556 ejicient,
814 1480 1048 1541 fibimet
1084 1480 1378 1559 judicium
1414 1483 1773 1562 usurpantes
1807 1505 1880 1543 ac
1911 1483 2256 1545 naturalem

302 1588 509 1649 rerum
557 1569 836 1629 ordinem
883 1572 1353 1649 pervertentes?
1429 1569 1719 1634 Profecto
1767 1575 2107 1634 verendum
2154 1574 2254 1650 est,

292 1655 425 1735 jam
473 1676 589 1717 nos
638 1659 695 1718 in
729 1657 829 1718 illa
863 1660 993 1720 fere
1035 1674 1324 1740 tempora
1372 1662 1647 1736 incidisse,
1696 1664 1776 1723 de
1825 1663 2040 1742 quibus
2073 1665 2253 1744 Apo-

299 1744 500 1821 stolus,
550 1748 671 1808 imo
720 1770 836 1827 per
866 1748 1234 1829 Apostolum
1280 1774 1325 1810 s,
1358 1751 1593 1830 spiritus
1642 1752 2043 1831 protestatur:
2092 1753 2255 1831 Quia

299 1835 587 1896 instarent
635 1851 925 1917 tempora
975 1838 1313 1918 periculosa
1360 1842 1418 1900 in
1467 1842 1684 1921 quibus
1734 1844 1926 1903 essent
1972 1842 2253 1903 homines

299 1922 461 2001 elati,
508 1927 788 2006 protervi
837 1949 909 2004 ac
954 1929 1313 2007 parentibus
1362 1930 1817 2006 inobedientes,
1866 1934 1930 1992 et
1977 1932 2146 2012 quod
2192 1933 2252 1992 in

298 2015 433 2095 ipfis
481 2017 670 2077 etiam
716 2018 1100 2097 temporibus
1150 2019 1456 2080 discessuri
1505 2019 1696 2081 essent
1751 2021 1999 2102 quidam
2046 2041 2084 2081 a
2128 2020 2250 2082 fide

296 2105 696 2166 attendentes
743 2106 1043 2186 spiritibus
1094 2110 1338 2170 erroris.
1383 2108 1473 2169 *Si
1522 2111 1684 2171 enim
1729 2111 1951 2191 prioris
1985 2109 2248 2192 synago-

291 2215 435 2276 gae,
485 2216 645 2276 quae
696 2196 907 2257 Christi
956 2196 1243 2259 ecclefiae
1293 2203 1486 2278 tipum
1531 2199 1736 2279 gesfit,
1784 2200 2111 2280 periodum
2158 2200 2248 2260 di-

290 2282 560 2366 ligenter
593 2287 900 2360 attendaS,
947 2285 1352 2366 proculdubio
1402 2289 1698 2368 reperieS,
1747 2291 1914 2370 quod
1960 2288 2246 2369 quamdiu

290 2371 444 2434 illius
493 2377 794 2455 temporis
842 2375 1049 2435 summi
1096 2376 1419 2438 sacerdotii
1452 2378 1737 2438 institutio
1777 2378 1957 2458 juxta
1989 2378 2110 2438 Dei
2144 2399 2245 2439 or-

289 2464 671 2525 dinationem
727 2464 970 2525 servata
1030 2466 1154 2534 fuit,
1215 2467 1443 2527 tamdiu
1504 2465 1655 2527 illius
1714 2465 1873 2549 legis
1923 2480 1987 2527 et
2032 2465 2246 2547 populi

286 2551 472 2613 status
521 2551 836 2614 incolumis
884 2555 1262 2634 perduravit,
1333 2556 1486 2616 Cum
1535 2570 1744 2616 autem
1791 2557 2000 2617 summi
2045 2555 2243 2615 sacer-

290 2642 454 2703 dotis
503 2643 786 2704 institutio
838 2658 903 2703 et
936 2644 1258 2718 destitutiO,
1307 2645 1406 2704 dei
1456 2645 1848 2706 ordinatione
1896 2644 2118 2723 spreta,
2167 2665 2245 2704 ex

255 2729 609 2793 ¹voluntate
668 2732 985 2793 hominum
1046 2734 1408 2813 dependere
1468 2747 1531 2794 et
1590 2734 1778 2812 ipsum
1840 2734 2243 2794 sacerdotium

285 2819 636 2900 temporale
685 2843 757 2881 ac
814 2821 1134 2896 mutabile,
1195 2824 1318 2883 imo
1380 2836 1443 2883 et
1498 2822 1761 2883 animale
1821 2822 1941 2883 esse
2001 2823 2267 2910 incepit,

286 2911 457 2991 quod
504 2912 752 2991 quidem
790 2910 924 2990 jam
972 2912 1129 2972 circa
1163 2911 1373 2971 Christi
1422 2925 1711 2991 tempora
1750 2911 2021 2972 accidisse
2051 2899 2239 2990 Joan-

283 3020 393 3060 nes
426 3000 537 3060 Ev.
578 3000 862 3074 affirmat,
913 3022 1048 3060 cum
1095 3002 1173 3060 de
1220 3000 1493 3080 Caypha,
1543 3002 1711 3081 quod
1761 3002 1910 3061 esset
1956 2999 2239 3060 sacerdos

282 3090 424 3149 anni
482 3086 633 3149 illius
682 3103 1148 3163 commemorat,
1209 3103 1351 3150 tunc
1398 3088 1630 3150 cursum
1687 3089 1854 3149 suum
1911 3088 2238 3170 synagoga

282 3176 566 3257 explevit.
631 3179 786 3239 Cum
829 3199 989 3279 ergo
1039 3177 1339 3279 praedicti
1387 3179 1468 3238 ad
1516 3177 1970 3258 depresfionem
2019 3176 2234 3238 austo-

280 3268 475 3327 ritatis
525 3267 734 3328 Christi
781 3269 1002 3341 vicarii,
1062 3269 1186 3328 imo
1236 3281 1303 3327 ut
1348 3268 1592 3328 videtur
1647 3268 1726 3327 ad
1786 3267 2238 3328 destitutionem

279 3369 344 3416 et
390 3356 819 3417 institutionem
867 3355 1386 3438 quinquennalem
1438 3370 1543 3417 aut
1601 3354 2024 3436 septennalem
2081 3355 2235 3415 sum·

277 3466 518 3507 morum
573 3446 931 3526 pontificum
977 3447 1035 3506 in
1088 3444 1494 3545 generalibus
1553 3443 1817 3507 conciliis
1876 3443 2233 3506 moliantur:

277 3554 484 3595 nonne
516 3536 793 3596 videmus
827 3537 929 3595 ad
939 3535 1057 3596 hoc
1094 3535 1227 3614 jam
1275 3537 1561 3610 tendere,
1609 3547 1678 3595 ut
1708 3534 1897 3613 ipsum
1943 3533 2234 3594 summum
