2352 3808
1202 125 1272 178 92

261 314 513 361 tamen
547 301 688 362 hoc
721 301 807 363 sit
842 304 946 362 ita
980 301 1507 378 necessarium,
1540 305 1741 384 quod
1777 305 2209 384 oppositum

261 389 425 469 ejus
484 390 574 451 sit
632 389 1128 469 impossibile,
1200 410 1345 451 non
1405 393 1743 466 videtur,
1822 408 1950 453 tum
2008 395 2206 473 primo

260 480 401 559 quia
447 478 720 559 possibile
770 479 868 552 est,
918 481 1087 560 quod
1128 481 1185 540 in
1218 500 1340 540 uno
1375 480 1627 543 concilio
1663 504 1786 543 non
1821 483 2207 557 conveniant,

260 568 358 628 nifi
393 567 574 648 aliqui
607 567 886 647 praelati,
920 570 1019 648 qui
1054 589 1271 629 omnes
1305 570 1619 631 habebunt
1651 572 1836 632 fidem
1870 573 2209 633 informem.

258 657 418 717 Tum
460 658 645 717 etiam
694 659 835 737 quia
883 657 1071 718 multa
1131 657 1383 718 concilia
1431 660 1510 718 de
1559 659 1722 721 sacsto
1771 660 2062 742 leguntur
2110 681 2206 720 er-

258 747 427 820 rasse,
476 759 541 805 ut
589 759 765 824 patet
814 748 868 806 in
912 747 1012 807 XI.
1061 746 1458 819 conclusione,
1506 747 1646 808 licet
1679 750 1780 810 iste
1814 751 1991 822 dicat,
2039 750 2208 829 quod

260 856 562 915 nusquam
595 834 822 916 legitur
855 834 1105 916 aliquod
1139 838 1381 909 errasse,
1429 838 1511 896 de
1546 859 1669 918 quo
1704 840 1908 912 miror,
1956 839 1992 899 fi
2028 839 2207 899 chro-

258 924 422 984 nicas
483 925 563 985 ad
622 925 929 1005 integrum
988 924 1241 1006 legerit,
1305 939 1370 985 ut
1430 927 1590 985 enim
1652 926 1947 987 ostensum
2007 926 2092 988 est
2149 927 2208 987 in

257 1010 576 1094 praedi&a
624 1013 1006 1073 conclufione
1040 1014 1139 1074 XI.
1217 1014 1383 1075 Non
1433 1014 1530 1075 est
1577 1015 1882 1076 necesse
1931 1017 2206 1088 dicere,

257 1100 660 1163 concilium
723 1102 875 1162 esse
940 1102 1149 1163 illam
1213 1101 1614 1164 ecclesiam
1684 1126 1869 1185 quae
1940 1125 2205 1165 errare

257 1212 404 1252 non
452 1191 723 1271 potest,
771 1190 912 1251 licet
946 1190 1045 1252 illa
1078 1212 1194 1271 pro
1230 1194 1504 1272 quodam
1537 1206 1823 1272 tempore
1858 1194 1980 1259 esse
2011 1193 2207 1272 possit,
2298 1224 2309 1234 “

255 1294 476 1360 utpote
549 1281 689 1360 quia
761 1280 963 1359 potest
1037 1282 1429 1363 contingere,
1490 1283 1659 1362 quod
1718 1283 1796 1341 ibi
1854 1302 2206 1364 congrega-

254 1371 480 1430 buntur
537 1368 729 1430 solum
789 1368 865 1428 illi
914 1371 1014 1450 qui
1077 1371 1309 1430 habent
1356 1370 1541 1431 fidem
1589 1370 1934 1432 formatam.
2037 1372 2207 1431 Non

256 1460 450 1519 enim
496 1458 649 1518 sine
698 1458 916 1518 causa
963 1458 1142 1540 lege
1191 1461 1560 1521 canonica
1608 1474 1907 1520 cautum
1955 1459 2075 1534 est,
2130 1472 2208 1520 ut

255 1549 378 1608 ubi
440 1549 509 1606 in
578 1547 805 1629 gestis
877 1547 1380 1609 conciliorum
1450 1549 1749 1609 discors
1819 1548 2206 1610 sententia

256 1638 661 1709 invenitur,
711 1635 916 1698 illius
988 1636 1298 1697 concilii
1367 1637 1805 1698 sententiae
1874 1638 2206 1698 standum

254 1726 372 1799 sit,
451 1725 663 1805 cujus
734 1726 1000 1805 potior
1070 1739 1144 1786 et
1208 1728 1605 1807 antiquior
1664 1740 1879 1787 extat
1937 1739 2205 1792 aucto-

255 1817 447 1875 ritas
481 1815 545 1874 L.
594 1816 668 1875 di.
717 1816 987 1888 domino,
1018 1813 1226 1876 san&o
1269 1817 1299 1875 i.
1332 1815 1385 1875 fi.
1434 1817 1764 1896 Nunquam
1812 1829 2020 1877 autem
2067 1813 2205 1894 pos-

247 1897 399 1979 ‘sunt¹
432 1905 775 1964 adinvicem
823 1905 1180 1964 discordare
1214 1904 1569 1974 sententiae,
1618 1906 1717 1965 ubi
1752 1903 1950 1965 altera
1983 1925 2020 1964 a
2052 1924 2204 1965 vero

256 1994 564 2066 deviante,
613 1994 905 2074 quoniam
951 1992 1059 2053 see.
1107 1992 1324 2072 philos,
1385 1995 1440 2053 in
1489 1995 1526 2053 Ι.
1575 1994 1749 2054 ethio.
1799 1994 2005 2054 omnia
2049 2013 2204 2054 vero

256 2081 622 2159 consonant3
671 2081 774 2142 sed
823 2081 1030 2142 falsum
1080 2082 1163 2142 est
1210 2081 1354 2142 illud
1391 2083 1560 2163 quod
1593 2083 1852 2143 dissonat
1882 2101 2053 2143 verO.
2128 2081 2205 2141 Si

257 2185 508 2231 autem
555 2171 916 2232 conditor
963 2170 1183 2250 hujus
1232 2173 1550 2232 canonis
1599 2170 1983 2232 habuisset
2015 2171 2206 2231 hanc

259 2261 730 2340 opinionem,
780 2261 982 2340 quod
1031 2259 1430 2321 concilium
1477 2258 1767 2319 nullum
1799 2258 2052 2338 posset
2085 2280 2204 2320 er-

257 2370 446 2421 rare,
494 2369 639 2409 non
687 2348 1055 2408 statuisset
1088 2349 1279 2408 hunc
1312 2368 1696 2409 canonem.
1765 2349 1869 2409 Ad
1901 2349 2207 2409 rationem

257 2452 466 2498 autem
513 2457 698 2517 quam
747 2438 1006 2508 adducit,
1055 2439 1196 2518 quia
1243 2438 1281 2497 fi
1330 2460 1540 2511 unum,
1589 2438 1806 2518 inquit,
1855 2437 2054 2516 posset
2102 2457 2199 2496 er-

257 2548 414 2599 rare,
465 2527 689 2586 eadem
736 2527 979 2586 ratione
1028 2526 1191 2587 aliud
1224 2539 1287 2587 et
1319 2527 1393 2586 fic
1426 2528 1632 2588 omnia
1666 2539 1729 2587 et
1761 2525 2207 2605 consequenter

258 2615 398 2676 nihil
449 2616 598 2675 certi
639 2615 1042 2675 haberemus:
1092 2617 1431 2690 dicendum,
1480 2617 1649 2697 quod
1697 2616 1921 2675 eadem
1967 2615 2208 2675 ratione

256 2705 564 2785 possemus
613 2725 906 2785 arguere,
955 2705 1124 2784 quod
1172 2705 1209 2764 fi
1257 2726 1410 2764 unus
1470 2706 1659 2765 homo
1719 2703 1921 2783 potest
1979 2723 2206 2775 errare,

258 2795 482 2854 eadem
530 2794 772 2853 ratione
821 2792 973 2853 alius
1023 2807 1085 2852 et
1133 2792 1302 2866 alius,
1352 2807 1414 2854 et
1457 2793 1531 2852 fic
1578 2813 1796 2854 omnes
1845 2805 1908 2852 et
1953 2792 2028 2851 fic
2072 2805 2210 2851 tota

262 2883 492 2942 errabit
551 2880 813 2942 ecclefia.
927 2881 1244 2952 Discursus
1308 2884 1469 2942 enim
1530 2881 1770 2942 valeret
1828 2881 2209 2941 considerata

259 2984 477 3031 natura
524 2971 838 3031 hominum
885 2971 943 3030 in
975 2970 1051 3044 se,
1099 2970 1202 3030 sed
1249 2972 1632 3031 considerata
1678 2969 2070 3049 dispositione
2117 2968 2206 3028 di·-

257 3061 397 3120 vina
445 3080 606 3140 quae
655 3059 976 3138 disposuit,
1036 3061 1206 3140 quod
1252 3059 1289 3118 fi
1338 3060 1453 3121 hos
1503 3074 1567 3119 et
1615 3059 1778 3132 illos,
1827 3079 1950 3118 non
1999 3070 2208 3117 tamen

263 3168 479 3209 omnes
527 3146 692 3208 fimul
741 3169 952 3208 errare
1000 3149 1334 3227 permittat,
1383 3147 1678 3208 discursus
1715 3166 1837 3207 non
1869 3144 2050 3206 valet.
2118 3145 2211 3205 Et

258 3238 365 3296 ita
427 3237 826 3297 dicendum
887 3238 979 3297 de
1042 3238 1266 3316 papis
1330 3249 1404 3297 et
1466 3238 1556 3296 de
1605 3233 1987 3308 conciliiS,
2037 3235 2210 3315 quia

259 3323 445 3384 licet
478 3325 669 3384 hunc
699 3324 1062 3385 velillum
1108 3346 1383 3405 papam
1431 3326 1893 3405 quandoque
1942 3344 2209 3382 errare

259 3406 672 3492 permittit,
721 3434 868 3474 non
916 3428 1169 3474 tamen
1215 3414 1603 3493 permittit
1646 3432 1907 3472 omnes
1942 3431 2208 3471 errare

259 3500 685 3561 successive.
731 3501 1029 3563 Etideo
1079 3502 1542 3583 subsequens
1591 3501 1958 3581 corriget,
2007 3499 2210 3580 quod
