2352 3808
1074 144 1144 197 95

87 326 407 398 -dicentis‚
453 325 556 384 sed
605 324 846 383 ratione
896 322 1054 383 dicti.
1146 323 1266 382 Ubi
1326 322 1779 382 advertendum
1839 322 1923 381 est
1981 321 2089 381 see.

130 437 175 475 S·
222 415 534 475 Thomam
580 414 641 472 II.
696 434 744 471 2.
794 435 890 492 qu.
938 413 974 471 Ι.
1023 425 1134 472 art.
1181 413 1280 485 X„
1330 412 1499 491 quod
1558 431 1727 490 papa
1784 410 1883 470 vel
1943 430 2088 470 con-

131 501 327 563 cilium
375 503 704 562 condendo
754 523 939 560 unum
989 499 1308 560 articulum
1355 500 1498 560 fidei
1542 521 1667 561 non
1700 500 1956 579 proprie
1991 521 2088 560 ar-

130 591 378 652 ticulum
426 591 668 663 faciunt‚
716 589 820 650 sed
867 590 1056 669 ipsum
1106 612 1182 649 ex
1236 612 1280 649 S.
1329 589 1622 669 scriptura
1668 587 1769 649 vel
1820 588 1939 650 alio
1990 610 2088 649 ar-

131 681 312 742 ticulo
363 679 618 740 eliciunt.
710 680 791 739 Et
839 680 981 741 ideo
1031 679 1081 738 si
1130 678 1536 738 concilium
1585 677 1919 758 aliquem
1968 700 2088 738 ar-

129 768 440 830 ticulum
488 770 578 829 de
628 788 834 828 novo
895 770 1302 841 conderet,
1367 769 1491 848 qui
1556 767 1749 828 esset
1813 782 2089 828 contra

127 881 172 918 S.
220 857 678 937 scripturam
725 856 847 917 vel
898 879 986 917 ex
1034 856 1168 917 illa
1216 877 1364 917 non
1399 857 1654 936 posset
1688 855 1892 925 elici,
1942 879 2087 918 non

129 960 572 1007 teneremur
619 945 827 1007 illum
875 968 1012 1026 pro
1064 946 1400 1006 articulo
1452 947 1646 1006 fidei
1690 946 2088 1026 suscipere.

127 1037 244 1096 Ubi
293 1037 480 1097 etiam
528 1036 612 1096 est
661 1037 1029 1110 notandum,
1078 1037 1249 1116 quod
1297 1036 1460 1095 idem
1520 1034 1747 1095 doctor
1807 1036 1885 1095 ibi
1930 1037 2088 1110 dicit,

126 1124 412 1185 videlicet
460 1126 628 1205 quod
676 1126 1010 1204 prohibitio
1070 1123 1170 1184 vel
1230 1125 1532 1184 sententia
1589 1125 1802 1203 synodi
1860 1124 1920 1185 se
1981 1148 2087 1186 ex-

128 1216 388 1275 tendunt
436 1216 516 1274 ad
565 1216 839 1294 privatas
888 1215 1204 1294 personaS‚
1254 1236 1512 1294 quarum
1547 1235 1672 1274 non
1706 1213 1791 1273 est
1838 1215 1917 1274 de
1963 1214 2088 1275 fide

128 1302 415 1378 tractare,
465 1323 591 1363 non
640 1318 847 1364 autem
897 1305 976 1363 ad
1032 1304 1389 1383 sequentem
1447 1303 1774 1381 synodum,
1836 1325 1949 1363 nec
2009 1305 2089 1364 ad

126 1392 421 1453 summum
491 1394 875 1472 pontificem,
948 1394 1028 1453 ad
1088 1415 1274 1473 quem
1334 1394 1607 1471 pertinet
1667 1406 1730 1452 et
1789 1392 2088 1471 synodum

127 1502 475 1544 convocare
540 1497 604 1543 et
668 1483 799 1562 ejus
863 1482 1193 1542 sententias
1258 1482 1640 1542 confirmare.
1748 1483 1814 1542 Si
1878 1496 2088 1543 autem

126 1571 412 1632 statutum
471 1571 704 1633 concilii
764 1586 1100 1632 concernat
1160 1572 1484 1652 materiam
1543 1570 1873 1643 moralem,
1945 1585 2088 1632 tunc

126 1674 232 1721 aut
279 1661 364 1722 est
410 1661 488 1722 de
535 1683 774 1744 genere
834 1662 1144 1723 bonorum
1201 1661 1528 1721 secundum
1585 1660 1750 1721 suam
1808 1661 2086 1740 speciem,

126 1751 270 1810 ficut
318 1770 442 1811 non
490 1752 749 1825 mentiri,
799 1772 924 1811 non
974 1751 1176 1822 furari7
1225 1772 1351 1811 non
1392 1750 1707 1810 inhoneste
1742 1750 2089 1811 conversari

127 1852 190 1900 et
247 1838 478 1914 similia,
539 1854 603 1901 et
663 1854 806 1901 tunc
865 1842 945 1901 ad
1004 1841 1124 1900 hoc
1184 1841 1433 1920 quidem
1493 1853 1742 1900 tenetur
1789 1861 1959 1919 papa
2024 1854 2088 1900 et

123 1928 458 2003 confimiliS,
508 1943 571 1990 et
620 1949 746 1989 non
795 1929 1271 2010 quiastatutum
1319 1927 1580 2003 concilii,
1629 1929 1733 1989 sed
1781 1931 1922 2009 quia
1970 1929 2085 1989 sta-

123 2030 321 2078 tutum
368 2019 615 2095 dei‚vel
675 2033 961 2090 naturae,
1021 2040 1058 2080 a
1113 2040 1373 2099 quarum
1431 2017 1674 2101 legibus
1734 2040 1903 2098 papa
1962 2040 2087 2081 non

124 2108 419 2168 eximitur.
511 2109 642 2169 Aut
690 2109 774 2169 est
821 2110 901 2169 de
949 2130 1188 2191 genere
1237 2109 1713 2168 indifferentium
1759 2108 2088 2169 secundum

121 2195 198 2270 se,
246 2209 313 2256 ut
360 2199 530 2278 quod
566 2198 887 2278 jejunetur
933 2197 1141 2280 vigilia
1189 2196 1439 2276 alicujus
1488 2195 1700 2271 sancti,
1765 2219 1926 2278 quae
1976 2199 2086 2258 ad-

122 2286 240 2345 huc
297 2307 423 2347 non
484 2287 568 2347 est
625 2290 683 2347 in
741 2303 1116 2368 praecepto,
1175 2285 1274 2346 vel
1335 2288 1505 2367 quod
1564 2287 1643 2346 de
1703 2308 1827 2348 uno
1877 2287 2086 2349 sancto

122 2375 232 2434 fiat
279 2374 492 2436 festum
540 2375 785 2456 duplex,
834 2378 914 2438 de
963 2397 1086 2457 quo
1135 2376 1326 2437 fiebat
1372 2374 1651 2456 fimplex3
1702 2390 1766 2437 et
1812 2390 1955 2436 tunc
1996 2378 2086 2437 di-

122 2463 380 2546 stinguo,
429 2466 570 2546 quia
617 2479 722 2526 aut
769 2487 937 2546 papa
970 2464 1075 2526 tali
1106 2466 1331 2526 statuto
1365 2466 1674 2540 consensu,
1723 2488 1860 2526 cum
1891 2466 2086 2541 fieret,

123 2552 222 2614 vel
273 2554 462 2633 ipsum
509 2555 918 2629 confirmavit,
978 2555 1302 2635 postquam
1361 2553 1589 2618 factum
1650 2555 1761 2628 est,
1822 2568 1886 2615 et
1938 2561 2087 2616 'tunc

123 2643 292 2718 dico,
352 2638 546 2724 quod
580 2646 660 2705 ad
720 2643 866 2705 illud
926 2643 1241 2725 obligatur
1300 2645 1379 2703 de
1440 2643 1781 2718 honestate,
1831 2663 1957 2704 non
2006 2646 2085 2706 de

125 2732 505 2806 necesfitate‚
560 2735 702 2794 ficut
760 2734 940 2814 supra
998 2735 1055 2793 in
1105 2734 1200 2793 VI.
1260 2731 1644 2794 conclufione
1703 2732 2087 2795 declaratum

125 2820 222 2881 est.
315 2823 444 2882 Aut
491 2821 567 2882 illi
618 2844 743 2884 non
792 2823 1112 2897 consenfit,
1174 2844 1287 2882 nec
1346 2821 1490 2882 illud
1549 2822 1961 2897 confirmavit,
2022 2837 2087 2884 et

124 2909 197 2970 s1c
246 2910 410 2971 nullo
481 2913 672 2973 modo
745 2911 1086 2993 obligatur,
1146 2912 1246 2971 nifi
1307 2912 1555 2972 fortasse
1615 2913 1693 2972 de
1753 2912 1834 2972 sui
1892 2912 2084 2973 bene-

124 2998 352 3078 placito
400 2999 548 3061 velit
581 3001 771 3080 ipsum
805 3001 1152 3062 observare.
1228 3001 1310 3060 Et
1343 3001 1519 3079 hujus
1569 3001 1745 3061 causa
1794 3001 1894 3074 est⁷
1943 3003 2085 3081 quia

126 3108 249 3149 non
297 3090 461 3168 capit
507 3091 685 3161 ratiO,
735 3104 800 3150 ut
849 3091 895 3150 is
946 3092 1025 3151 ad
1074 3112 1259 3170 quem
1298 3089 1535 3168 spectat
1567 3089 1746 3171 leges
1779 3091 2083 3151 roborare

126 3190 191 3237 et
237 3178 602 3240 confirmare
655 3180 802 3258 -ipfis
857 3178 1098 3260 legibus
1158 3180 1224 3239 fit
1282 3177 1600 3258 subjectus,
1696 3179 2084 3240 Confirmare

127 3267 290 3326 enim
337 3268 420 3328 est
467 3266 640 3327 actus
688 3268 1044 3347 superioris;
1094 3267 1359 3349 obligari
1426 3281 1635 3328 autem
1669 3267 1754 3328 est
1786 3268 1960 3329 acius
1994 3270 2084 3328 in-

127 3355 396 3416 ferioris:
446 3357 611 3416 idem
660 3377 816 3438 ergo
867 3358 1017 3417 esset
1064 3357 1340 3436 superior
1388 3371 1451 3416 et
1506 3358 1757 3418 inferior
1803 3356 2082 3437 respectu

127 3443 424 3522 ejusdem,
472 3447 642 3525 quod
691 3445 958 3524 implicat
1005 3445 1573 3506 contradictionem.
1651 3447 1841 3528 Quod
1875 3461 2084 3507 autem

127 3533 208 3593 ad
255 3554 484 3612 papam
530 3536 845 3614 pertineat
899 3533 1075 3615 leges
1136 3534 1529 3600 conciliorum
1577 3537 1934 3615 approbare
1982 3535 2082 3596 vel
