2352 3808
1107 132 1178 187 85

96 356 101 362 ·
164 333 279 394 pro
340 312 654 373 universali
713 309 1083 372 collectione
1139 309 1423 373 fidelium.
1517 313 1699 373 Unde
1759 313 1930 374 dicit:
1990 335 2121 375 me-

162 404 391 463 minisse
451 403 633 474 decet
692 399 1055 462 catholicam
1116 399 1429 462 ecclefiam
1493 401 1661 463 istam
1719 403 1872 475 esse,
1952 403 2122 483 cujus

163 491 451 552 confessio
501 492 558 550 in
607 489 860 551 fimbolo
911 492 1289 565 continetur,
1350 512 1486 551 cum
1547 492 1763 552 dicitur
1811 490 2122 553 ecclesiam

161 581 537 643 catholicam.
629 580 788 639 Huic
847 593 1057 639 autem
1119 579 1405 640 ecclefiae
1466 580 1624 640 hanc
1684 578 2122 642 austoritatem

0 704 7 737 ι,
61 669 64 671 Δ
161 671 394 740 tribuit,
454 682 520 728 ut
580 667 679 728 illa
737 667 863 729 sola
919 668 1249 751 evangelia
1296 671 1590 743 dicantur,
1639 692 1799 751 quae
1849 670 1974 750 ipsa
2020 692 2119 730 re-

161 761 303 840 cipit
351 771 415 819 et
463 759 633 839 quod
681 756 781 818 illa
824 758 952 819 sola
983 779 1026 818 S.
1062 758 1354 838 scriptura
1389 760 1620 830 dicitur,
1670 781 1856 840 quam
1888 759 2120 821 sacram

158 849 314 911 haec
346 846 682 909 declaravit
726 845 987 908 ecclefia.
1067 847 1249 925 Quae
1299 850 1505 908 omnia
1552 870 1705 909 vera
1752 849 1899 924 sunt,
1949 849 1987 909 fi
2035 850 2121 910 ita

160 938 438 1018 capiatur
484 935 759 1009 ecclefia,
810 939 978 1017 quod
1027 958 1152 997 non
1202 935 1487 997 excludat
1535 937 1863 1017 personam
1910 959 2120 1018 papae

159 1041 223 1090 et
271 1047 396 1088 non
443 1025 635 1088 solum
668 1027 860 1105 ipfius,
910 1027 1034 1087 imo
1070 1048 1183 1086 nec
1217 1026 1629 1106 cujuscunque
1662 1026 1873 1088 fidelis.
1943 1026 2118 1088 Alias
2152 1075 2155 1077 »

158 1117 319 1179 enim
353 1114 652 1178 catholica
687 1135 813 1177 non
848 1117 978 1182 erit.
1029 1117 1172 1197 quia
1219 1115 1571 1176 universalis
1623 1136 1744 1176 non
1796 1117 1928 1191 erit,
1977 1118 2120 1198 quia

156 1204 505 1267 universalis
566 1224 692 1265 non
753 1206 867 1266 erit
927 1204 1132 1285 aliquo
1208 1203 1556 1284 particulari
1630 1204 1886 1266 excluso.
1989 1206 2119 1266 Sed

157 1295 259 1357 ista
308 1315 434 1358 non
480 1295 726 1355 videtur
774 1296 895 1356 esse
946 1295 1205 1355 intentio
1248 1294 1366 1368 sua,
1417 1296 1539 1354 imo
1590 1296 1866 1369 intendit,
1917 1309 1982 1356 ut
2028 1296 2117 1355 vi-

156 1379 354 1459 detur,
403 1385 482 1445 ab
531 1385 647 1445 hac
694 1383 1148 1445 universalitate
1197 1383 1297 1444 seu
1348 1382 1597 1444 ecclefia
1644 1405 1876 1464 papam
1913 1382 2116 1445 exclu-

155 1475 321 1536 dere.
414 1475 576 1534 Nam
631 1475 1019 1555 redarguens
1081 1487 1403 1534 oratorem
1450 1474 1505 1532 d.
1554 1495 1607 1533 n.
1655 1494 1860 1553 papae
1920 1474 2116 1534 archi-

156 1565 516 1644 episcopum
554 1564 980 1638 Tarentinum,
1030 1564 1200 1644 quod
1250 1563 1801 1623 commendaverat
1849 1560 2116 1624 auc‘tori-

155 1666 349 1715 tatem
420 1653 629 1712 summi
691 1653 1027 1733 pontificis,
1101 1671 1226 1712 non
1292 1666 1502 1712 autem
1567 1653 2118 1712 commendaverat

154 1741 593 1804 auftoritatem
643 1741 947 1816 ecclesiae,
997 1741 1248 1823 insurgit
1297 1742 1376 1801 ad
1425 1739 1850 1802 extollendum
1898 1739 2116 1802 auRO-

148 1834 402 1893 ritatem
436 1830 722 1892 ecclefiae
758 1832 925 1912 quafi
971 1829 1308 1892 distinctam
1357 1831 1436 1891 ab
1485 1828 1859 1892 auOEtoritate
1908 1830 2116 1891 summi

153 1921 475 2003 pontificis,
502 1922 843 1982 attribuens
871 1922 1025 1993 haec
1052 1941 1213 2001 quae
1241 1921 1656 2000 praediximus
1684 1920 1785 2000 ipfi
1813 1918 2117 1993 ecclesiae,

154 2011 315 2093 quasi
351 2012 575 2072 eadem
609 2031 733 2070 non
765 2010 989 2090 posslnt
1021 2008 1120 2070 vel
1148 2028 1274 2070 non
1301 2010 1576 2070 debeant
1602 2010 1849 2070 attribui
1874 2029 2116 2070 summo

152 2099 450 2182 pontifici,
500 2100 669 2180 cujus
719 2113 930 2160 tamen
979 2103 1355 2161 contrarium
1415 2113 1681 2179 apparet
1739 2120 1853 2178 per
1915 2097 2118 2159 sacros

155 2209 427 2252 canones
476 2190 551 2250 di.
583 2190 737 2263 XV„
787 2190 888 2250 ubi
937 2210 1052 2268 per
1082 2189 1462 2272 Gregorium
1496 2201 1560 2249 et
1595 2186 1904 2249 Gelasium
1951 2209 2118 2248 sum-

155 2298 292 2340 mos
341 2279 664 2359 pontifices
714 2279 1179 2352 determinatur,
1229 2298 1390 2358 quae
1440 2276 1724 2353 concilia,
1774 2297 1935 2358 quae
1987 2277 2118 2356 epi-

154 2367 346 2430 stolae
405 2381 469 2428 et
528 2388 690 2449 quae
748 2367 1079 2447 scripturae
1140 2368 1249 2429 fint
1298 2388 1335 2427 a
1381 2365 1662 2428 fidelibus
1724 2367 2119 2446 recipiendae

155 2455 254 2519 vel
303 2457 743 2537 repudiandae,
793 2477 953 2537 quae
1003 2458 1191 2517 etiam
1239 2457 1446 2517 medio
1496 2457 1688 2517 modo
1737 2456 1796 2517 se
1845 2456 2120 2516 habeant

158 2560 222 2610 et
255 2547 532 2627 apocrifa
576 2559 1019 2626 nuncupentur.
1089 2545 1388 2606 Attribuit
1423 2546 1610 2605 etiam
1643 2545 1780 2605 huic
1812 2543 2119 2617 ecclesiae,

157 2638 328 2717 quod
374 2635 498 2716 ipsa
555 2634 692 2696 sola
747 2635 858 2709 est,
919 2656 1079 2716 quae
1127 2656 1242 2715 per
1288 2632 1678 2716 privilegium
1735 2654 1946 2694 errare
1980 2652 2120 2714 ‚non

156 2726 360 2806 potest
417 2727 474 2785 in
534 2726 624 2786 his
685 2746 845 2806 quae
905 2726 984 2785 ad
1042 2723 1230 2785 fidem
1289 2724 1621 2784 necessaria
1679 2721 1826 2783 sunt.
1930 2722 2122 2799 Quod

159 2816 348 2877 etiam
395 2812 624 2876 dietum
670 2835 888 2874 verum
936 2814 1036 2888 est,
1084 2814 1122 2873 fi
1171 2813 1245 2873 fic
1292 2813 1570 2893 capiatur
1618 2809 1969 2872 universalis
2020 2832 2120 2872 ec·

159 2903 352 2979 clefia,
401 2904 571 2985 quod
621 2901 785 2964 nulla
822 2903 939 2978 ,fiat
986 2902 1237 2982 alicujus
1285 2899 1671 2982 particularis
1721 2899 2007 2974 exclufio,
2057 2912 2122 2961 et

161 2994 388 3054 nedum
420 3014 644 3073 papae,
691 2992 794 3053 sed
839 3014 952 3053 nec
985 2991 1399 3072 cujuscunque
1448 2991 1751 3052 inferioris
1800 2989 2122 3071 personae.

161 3083 352 3160 Quod
383 3095 594 3143 tamen
636 3102 761 3143 non
808 3082 1053 3142 videtur
1101 3081 1222 3142 esse
1272 3081 1352 3140 de
1400 3081 1744 3141 intentione
1793 3079 2122 3160 loquentiS,

162 3172 290 3252 qui,
347 3185 414 3232 ut
468 3168 698 3231 dictum
756 3170 868 3244 est,
917 3170 991 3230 fic
1038 3170 1436 3231 commendat
1484 3167 1812 3243 ecclesiam,
1860 3181 1929 3228 ut
1974 3166 2124 3229 velit

163 3280 393 3339 papam
425 3259 768 3321 excludere.
838 3260 981 3320 Hoc
1028 3272 1238 3320 autem
1284 3257 1470 3319 valde
1519 3259 1957 3320 inconveniens
2008 3257 2122 3334 est3

164 3368 307 3408 nam
353 3347 709 3419 undictum
757 3348 842 3410 est
888 3349 947 3408 in
994 3349 1118 3408 XII.
1179 3347 1591 3421 conclusione,
1652 3345 1903 3408 ecclefia
1960 3367 2124 3428 quae

166 3456 291 3496 non
339 3437 542 3516 potest
589 3459 818 3512 errare,
863 3436 1118 3498 confistit
1150 3438 1209 3497 in
1242 3437 1611 3498 habentibus
1643 3436 1832 3498 fidem
1863 3437 2124 3497 caritate

166 3526 528 3604 formatam3
577 3529 677 3609 qui
712 3540 922 3588 autem
954 3527 1062 3588 s1nt
1097 3525 1192 3599 illi,
1214 3524 1343 3598 ,soli
1377 3526 1501 3587 deo
1536 3523 1752 3587 notum
1785 3538 1912 3603 est,
1962 3545 2124 3605 quae
