2352 3808
1176 153 1248 205 42

236 343 300 388 ut
347 349 432 388 ca.
481 328 776 406 Quamvis
825 329 946 390 dist.
994 330 1187 390 XXI.:
1237 331 1558 408 QuamviS,
1608 333 1820 412 inquit,
1869 333 2182 393 universae

234 438 348 497 per
396 419 613 479 orbem
661 418 998 479 catholicae
1049 418 1334 479 ecclefiae
1366 420 1740 496 ,constitutae
1788 441 1942 480 unus
1984 420 2181 482 thala-

235 529 366 567 mus
424 508 631 568 Christi
691 509 828 581 fint,
886 522 1096 568 tamen
1155 508 1189 567 s.
1247 530 1398 569 rom.
1459 509 1703 570 ecclesia
1762 508 2063 571 catholica
2120 523 2184 570 et

233 596 564 674 apostolica
634 596 807 657 nullis
870 597 1166 675 synodicis
1230 597 1560 659 constitutis
1632 600 1854 659 ceteris
1923 597 2181 659 ecclefiis

232 684 513 763 praelata
546 685 644 760 est,
677 686 780 746 sed
814 685 1175 768 evangelica
1203 706 1360 747 voce
1394 689 1622 747 domini
1653 688 1969 748 salvatoris
2003 686 2183 747 nostri

232 775 559 853 primatum
593 775 867 835 obtinuit.
937 776 1032 835 Tu
1068 797 1152 846 eS,
1202 777 1408 856 inquit,
1454 777 1671 837 Petrus
1706 790 1769 837 et
1802 777 1979 856 supra
2027 776 2184 836 hanc

232 876 476 941 petram
524 863 865 925 aedificabo
916 863 1226 925 ecclesiam
1275 886 1494 926 meam.

922 1028 1022 1087 IX.
1072 1028 1496 1088 CoNCLusm.

233 1143 397 1212 Quod
436 1162 576 1212 papa
610 1162 716 1196 non
743 1146 918 1213 potest
959 1146 1099 1196 suam
1139 1144 1511 1198 auctoritatem
1553 1146 1846 1197 diminuere
1872 1145 1956 1196 vel
1984 1161 2181 1212 augere

414 1218 498 1344 gel
538 1219 679 1270 illam
718 1219 869 1271 alteri
909 1221 1142 1272 totaliter
1182 1220 1503 1277 summittere
1542 1227 1632 1272 aut
1672 1220 1741 1272 illi
1779 1219 2184 1289 quomodolibet

454 1311 691 1361 erogare.

363 1398 540 1457 Haec
588 1397 886 1457 conclusio
935 1398 1072 1459 satis
1121 1399 1387 1479 sequitur
1435 1421 1511 1459 ex
1557 1400 1984 1499 praecedenti3
2040 1419 2182 1459 nam

230 1483 327 1545 ille
375 1485 533 1547 solus
566 1488 768 1566 potest
799 1487 962 1547 suam
1011 1486 1446 1548 auctoritatem
1494 1490 1834 1562 immutare,
1863 1489 1985 1588 ‘qui
2018 1486 2181 1548 illam

229 1575 419 1635 habet
468 1596 504 1635 a
551 1575 765 1655 seipso,
827 1597 950 1637 non
1001 1578 1078 1636 ab
1128 1575 1246 1636 alio
1296 1578 1612 1650 traditam,
1672 1579 1813 1677 quia
1859 1577 1916 1636 in
1965 1598 2033 1637 re
2079 1564 2182 1636 sua

229 1665 484 1745 quisque
534 1664 839 1744 quotlibet
887 1686 1081 1746 agere
1130 1666 1358 1743 potest3
1407 1665 1510 1726 sed
1551 1626 1649 1725 ille
1684 1667 1785 1746 qui
1818 1666 2009 1726 habet
2042 1686 2182 1725 eam

230 1775 306 1813 ex
354 1753 765 1814 commisfione
814 1754 1093 1828 alteriuS,
1142 1774 1265 1813 non
1313 1755 1517 1833 potest
1554 1754 1811 1834 juridice
1861 1753 2024 1814 illam
2070 1755 2179 1813 im-

230 1855 468 1902 mutare
502 1843 621 1902 fine
659 1843 874 1922 injuria
906 1845 1359 1913 committentiS,
1409 1845 1507 1903 nisi
1540 1845 1844 1922 procedat
1876 1845 1956 1903 de
1988 1843 2180 1903 bene-

229 1930 456 2009 placito
522 1931 669 2010 erS.
771 1932 1175 2010 Praesumitur
1238 1933 1397 1992 enim
1459 1931 1873 2012 principaliter
1930 1930 2179 1993 voluisse

229 2020 394 2079 suum
447 2021 735 2080 vicarium
798 2021 1103 2100 potestate
1167 2021 1268 2080 fibi
1331 2022 1558 2081 tradita
1619 2023 1731 2095 uti,
1795 2040 1920 2080 non
1983 2021 2180 2096 abuti3

231 2108 611 2179 conservare,
660 2131 783 2170 non
820 2108 1087 2169 alterare
1121 2110 1219 2169 vel
1255 2109 1540 2170 alienare.
1598 2111 1697 2170 Et¹
1726 2110 1846 2170 hoc
1877 2111 2032 2183 dico,
2081 2109 2179 2168 nifi

231 2199 288 2256 in
322 2199 701 2258 conferendo
735 2198 924 2258 talem
970 2199 1340 2277 potestatem
1375 2200 1559 2259 etiam
1608 2197 1986 2273 contulisset„
2013 2197 2180 2278 quod

232 2285 393 2345 illam
440 2288 638 2365 posset
686 2308 802 2366 pro
850 2287 1020 2347 libito
1071 2289 1408 2358 immutare,
1458 2289 1626 2367 quod
1663 2289 1721 2346 in
1770 2286 2180 2348 commissione

231 2373 393 2435 facta
440 2377 626 2436 Petro
688 2397 812 2437 non
871 2375 1147 2459 legimus.
1238 2376 1319 2436 Et
1367 2378 1536 2457 quod
1594 2397 1760 2456 papa
1818 2375 1983 2435 suam
2038 2384 2179 2435 auc-⁴-

231 2465 549 2524 toritatem
598 2486 722 2526 non
770 2465 948 2544 posfit
995 2464 1171 2525 alteri
1221 2463 1497 2525 totaliter
1542 2465 1931 2537 summittere,
1987 2475 2179 2543 patet,

232 2553 373 2632 quia
430 2553 756 2613 secundum
805 2554 947 2633 jura
999 2555 1256 2613 vicarius
1318 2574 1443 2613 non
1502 2554 1703 2633 potest
1760 2566 1959 2614 totam
2015 2552 2181 2612 suam

232 2640 664 2702 auctoritatem
736 2644 792 2701 in
855 2641 1115 2702 alterum
1190 2644 1553 2715 transferre,
1625 2641 1764 2702 licet
1826 2640 2006 2720 posfit
2073 2638 2179 2700 ali-

233 2751 416 2810 quam
486 2730 917 2831 particularem
986 2731 1461 2792 commissionem
1532 2733 1588 2790 in
1659 2730 1739 2790 sui
1809 2730 2194 2809 adjutorium·

234 2818 405 2878 alicui
453 2820 683 2897 facere3
744 2822 885 2900 quia
940 2820 1356 2898 praesumitur,
1416 2821 1586 2900 quod
1643 2817 1988 2898 principalis
2035 2814 2182 2877 velit

234 2907 421 2987 ipsum
478 2910 563 2968 uti
620 2908 720 2968 sua
778 2908 1084 2987 potestate
1142 2922 1330 2987 prout
1388 2907 1603 2968 melius
1660 2907 1888 2988 potest,
1959 2919 2023 2965 et
2079 2906 2180 2965 ubi

235 3010 619 3078 aggravatur
652 3019 845 3058 onere
887 2999 1263 3058 executionis
1297 2998 1594 3058 assumere
1644 2995 2068 3074 coadjutorem
2101 2994 2180 3052 ad

235 3084 500 3164 aliquam
546 3085 867 3164 specialem
916 3087 1168 3146 causam.
1237 3087 1319 3146 Et
1350 3087 1487 3145 hinc
1523 3087 1621 3159 est,
1670 3085 1837 3164 quod
1869 3102 2036 3163 papa
2066 3102 2181 3161 per

155 3173 158 3175 “
235 3175 526 3233 mundum
559 3175 760 3254 potest
807 3175 1127 3254 episcopos
1176 3189 1239 3235 et
1287 3173 1534 3235 alterius
1581 3174 1812 3254 gradus
1860 3168 2179 3250 praelatos

236 3261 556 3335 instituere,
605 3265 704 3343 qui
751 3277 994 3344 partem
1042 3262 1426 3324 solicitudinis
1474 3263 1769 3334 habeant,
1816 3272 2179 3320 remanente

234 3348 474 3449 semper
522 3353 686 3429 apud
733 3353 921 3431 ipsum
978 3351 1356 3431 plenitudine
1403 3350 1750 3430 potestatiS,
1797 3362 1864 3407 ut
1922 3347 2180 3407 intendit

237 3439 422 3498 etiam
455 3460 500 3498 e.
530 3461 579 3498 e.
606 3440 859 3502 decreto
893 3441 954 3500 II.
979 3463 1074 3521 qu.
1101 3442 1195 3500 VI.
1241 3441 1638 3501 Summittere
1670 3450 1878 3498 autem
1909 3435 1968 3495 se
2002 3434 2178 3495 alteri

235 3527 492 3586 vicarius
541 3548 665 3588 non
711 3530 912 3606 potest
956 3530 1076 3588 fine
1125 3529 1338 3610 injuria
1384 3525 1758 3607 principaliS,
1807 3527 1964 3584 circa
2010 3522 2177 3601 cujus
