2352 3808
1047 132 1114 186 15

82 326 498 396 ‚congregato
547 309 821 385 conciliO,
870 333 1006 370 cum
1054 307 1511 389 expeE'caretur,
1560 320 1626 366 ut
1672 307 1862 386 ipsum
1910 327 2057 368 con-

104 405 315 465 fessum
348 421 628 463 errorem
669 400 834 460 suum
868 399 1185 461 concilium
1227 399 1692 469 condemnaret,
1742 395 2060 456 concilium

102 493 291 574 ipsum
325 491 590 552 unanimi
622 491 880 550 decreto
915 489 1257 569 respondit:
1300 487 1571 547 Abfitut
1603 485 1865 546 summus
1900 505 2058 564 pon-

102 584 251 643 tifex
298 583 378 642 ab
426 579 631 661 aliquo
679 580 1004 659 judicetur.
1078 577 1332 660 Negasti
1380 578 1479 638 tu?
1540 576 1797 658 negavit
1842 575 2060 635 Petrus

102 671 390 755 magister
436 684 592 744 tuuS,
642 683 706 729 et
747 671 879 749 quis
929 668 1366 749 apostolorum
1415 667 1588 727 ausus
1624 667 1733 727 fuit
1780 686 1922 725 eum
1961 664 2060 744 ju-

103 761 345 822 dicare?
416 760 546 821 Sed
595 760 868 841 egressus
918 760 1086 819 foras
1136 759 1304 818 flevit
1353 778 1579 817 amare.
1648 757 1745 815 Tu
1795 775 1953 837 ergo
2004 755 2062 813 in

104 850 299 931 teipso
360 849 586 932 collige
647 870 895 909 causam
952 862 1121 908 tuam
1181 861 1245 908 et
1305 868 1416 908 ore
1484 847 1744 927 proprio
1805 843 2063 924 teipsum

93 941 314 1021 judica.
377 939 554 1000 Haec
587 940 888 999 Martinus
923 939 980 997 in
1030 939 1237 999 chron.
1301 937 1490 1014 Quod
1523 937 1561 996 fi
1599 937 1782 1009 dicaS,
1831 949 1898 994 ut
1932 934 2062 1015 qui-

103 1029 572 1111 damfingunt,
633 1030 804 1110 quod
852 1029 926 1088 fic
973 1028 1286 1108 respondit
1334 1025 1679 1099 concilium,
1740 1044 1865 1085 non
1923 1025 2065 1105 quia

103 1141 228 1182 non
276 1121 506 1199 potuit,
566 1118 669 1179 sed
729 1120 872 1199 quia
931 1117 1123 1178 noluit
1172 1118 1454 1197 judicare
1515 1116 1732 1196 ipsum,
1790 1115 2063 1175 videndo

103 1209 235 1290 ejus
271 1208 707 1282 humilitatem,
756 1210 898 1289 quia
930 1207 988 1268 se
1023 1207 1256 1269 concilii
1294 1206 1526 1286 judicio
1567 1204 1875 1266 humiliter
1908 1204 2062 1265 sum-

103 1299 417 1360 mittebat:
477 1299 597 1359 hoc
656 1298 740 1358 est
787 1299 867 1357 ad
925 1296 1216 1377 placitum
1274 1295 1519 1368 dictum,
1580 1317 1694 1356 nec
1752 1297 1810 1355 ln
1858 1295 2064 1355 verbis

104 1387 308 1450 di8cae
357 1387 761 1468 responsionis
811 1387 1144 1470 diligenter
1203 1387 1456 1447 attentis
1506 1387 1843 1446 fundatum.
1919 1386 2064 1445 Non

104 1479 267 1539 enim
313 1479 461 1539 dixit
509 1478 698 1558 ipsum
746 1477 1090 1539 concilium:
1149 1477 1323 1537 Abfit
1371 1490 1437 1536 ut
1485 1476 1543 1536 se
1592 1474 1914 1535 humilians
1963 1472 2064 1534 vel

103 1567 355 1649 seipsum
391 1567 694 1648 judicanS,
724 1567 846 1628 'sed
895 1568 1045 1628 abs1t
1093 1581 1159 1627 ut
1206 1567 1468 1627 summus
1518 1567 1799 1646 pontifex
1843 1566 1923 1626 ab
1958 1564 2064 1624 ali-

102 1679 226 1740 quo
265 1657 591 1737 judicetur,
640 1658 802 1738 quas1
846 1659 1034 1718 dicat:
1084 1656 1294 1737 eoipso
1329 1657 1498 1738 quod
1530 1657 1792 1717 summus
1828 1677 1865 1716 a
1898 1653 2065 1715 nullo

103 1747 306 1828 potest
342 1747 621 1828 judicari,
669 1768 806 1807 curn
843 1747 1041 1827 judex
1073 1748 1140 1808 fit
1173 1747 1449 1826 superior
1485 1746 1784 1826 judicatO,
1832 1745 2064 1806 summo

106 1851 314 1898 autern
363 1836 502 1898 nihil
561 1837 629 1898 fit
675 1837 973 1898 summius.
1051 1838 1399 1898 Dicendum
1459 1857 1636 1919 ergo,
1696 1837 1866 1917 quod
1924 1835 2068 1895 ficut

105 1926 430 2008 suppofitO,
479 1928 648 2008 quod
696 1927 750 1987 b.
793 1929 1010 1998 Petrus
1061 1928 1118 1987 in
1166 1926 1269 1988 sua
1317 1928 1658 2008 negatione
1707 1925 2066 2006 perstitisset,

107 2015 372 2078 Christus
430 2038 546 2097 per
608 2015 874 2099 aliquem
937 2019 1192 2079 modum
1251 2017 1392 2077 suae
1459 2015 1746 2078 ecclefiae
1806 2017 1885 2076 de
1945 2014 2065 2076 alio

104 2107 331 2168 vicario
380 2107 753 2187 providisset,
803 2108 887 2168 ita
918 2108 956 2168 s1
991 2106 1384 2169 Marcellinus
1418 2107 1476 2167 in
1510 2107 1614 2168 suo
1658 2126 1872 2167 errore
1922 2126 2066 2186 per-

105 2196 419 2271 mansisset,
480 2216 604 2258 non
665 2198 859 2258 fuisset
906 2199 986 2258 de
1035 2197 1178 2277 jure
1229 2198 1513 2278 quicquid
1561 2197 1628 2257 fit
1677 2197 1756 2256 de
1815 2194 1982 2256 fafflso
2034 2217 2071 2256 a

106 2285 361 2348 concilio
387 2287 745 2367 judicatum,
778 2286 882 2348 sed
910 2287 1174 2348 Christus
1209 2309 1351 2348 eum
1378 2286 1476 2347 vel
1502 2287 1696 2347 subito
1733 2285 2068 2362 estinxisset,

106 2375 249 2436 ficut
295 2377 374 2437 de
422 2376 734 2437 Anastafio
798 2376 1027 2441 dictum
1076 2377 1176 2452 est,
1207 2377 1334 2438 =vel
1382 2376 1519 2456 post
1565 2376 1943 2457 aliquantam
1993 2398 2070 2437 ex

106 2463 343 2526 secreto
378 2465 481 2527 suo
517 2465 748 2544 judicio
800 2465 1197 2527 tolerantiam
1244 2489 1359 2547 per
1406 2467 1803 2527 successorem
1852 2466 2067 2528 melio-

108 2573 258 2629 rem,
291 2554 433 2616 ficut
465 2557 544 2615 de
570 2556 816 2616 Liberio
845 2570 908 2616 et
931 2557 1171 2635 Joanne
1205 2555 1436 2617 di&um
1470 2555 1570 2630 est,
1603 2556 1745 2616 suae
1780 2554 2067 2617 ecclefiae

105 2643 476 2724 providisset,
538 2658 601 2705 et
660 2644 822 2705 illam
880 2645 1164 2725 pristinae
1225 2644 1646 2726 tranquillitati
1701 2644 2068 2706 reddidisset.

108 2731 523 2795 Confirmatur
541 2736 727 2795 etiam
743 2734 1032 2815 exemplo
1047 2735 1399 2813 Symmachi
1413 2756 1637 2815 papae,
1652 2736 1730 2795 de
1747 2754 1871 2815 quo
1883 2735 2068 2795 XVII.

107 2822 229 2884 dist.
264 2823 551 2899 Concilia,
600 2825 701 2885 ubi
735 2846 1033 2904 expresse
1079 2826 1360 2899 habetur,
1411 2826 1580 2905 quod
1613 2823 1931 2884 concilium
1964 2846 2066 2886 ro-

107 2933 356 2973 manum
393 2913 674 2992 judicare
709 2913 904 2984 noluit
952 2915 1140 2994 ipsum
1173 2914 1629 2993 Symmachum,
1679 2914 1820 2974 licet
1859 2913 2067 2975 secun—

106 3002 252 3062 dum
298 3001 560 3084 glossam
608 3004 687 3063 de
736 3004 969 3063 haerefi
1020 3017 1321 3077 notatum,
1370 3005 1449 3064 de
1499 3025 1623 3084 qua
1669 3005 1933 3064 maxime
1979 3005 2066 3064 vi-

107 3092 360 3152 deretur
405 3114 574 3172 papa
610 3092 1009 3172 judicandus,
1068 3093 1171 3153 sed
1231 3094 1406 3173 ipfius
1464 3092 1699 3153 concilii
1755 3094 1911 3153 haec
1958 3094 2068 3154 fuit

108 3179 360 3242 decreta
407 3181 748 3262 responsio:
808 3182 1213 3260 Symmachus
1262 3203 1430 3262 papa
1477 3183 1632 3242 sedis
1694 3182 2066 3262 apostolicae

109 3269 346 3349 praesul
404 3272 483 3332 ab
541 3271 890 3351 hujusmodi
951 3273 1341 3351 opinionibus
1401 3272 1714 3350 impetitus
1770 3287 2067 3353 quantum

110 3359 190 3419 ad
236 3359 515 3422 homines
564 3361 802 3440 respicit
849 3361 916 3420 fit
963 3362 1243 3421 immunis
1278 3374 1342 3421 et
1389 3360 1560 3434 liber,
1610 3360 1778 3440 cujus
1828 3362 2067 3422 causam

108 3461 309 3510 totam
355 3449 455 3511 dei
491 3450 722 3530 judicio
772 3450 1172 3524 reservamus,
1221 3473 1335 3510 nec
1381 3449 1585 3530 potest
1630 3451 1760 3529 dici,
1809 3451 1951 3512 ficut
1987 3453 2065 3512 de

109 3537 496 3615 Marcellino,
543 3538 884 3601 ut'diffitum
933 3539 1044 3614 est,
1093 3540 1340 3621 quidam
1387 3539 1651 3622 fingunt,
1700 3543 1871 3621 quod
1918 3561 2065 3602 con—
