2352 3808
1107 206 1118 210 -
1205 131 1276 183 90
1351 207 1366 209 ,7

264 303 534 386 intelligi.
612 306 675 365 Si
725 308 886 365 enim
930 308 1241 386 capiamus
1275 307 1606 381 concilium,
1655 323 1719 369 ut
1753 309 1997 370 includit
2029 326 2211 391 caput

261 393 443 466 suum,
491 394 560 454 sc.
608 395 933 474 personam
981 394 1198 474 papae
1236 417 1370 456 cum
1419 397 1787 459 au&oritate
1837 398 1984 477 ejus·
2016 398 2209 467 libere

262 496 326 542 et
351 484 604 562 pacifice
633 498 696 543 et
722 485 888 543 unite
925 486 1180 565 negotia
1216 484 1502 546 ecclesiae
1539 486 1701 547 fimul
1738 485 2209 566 peruastantes

259 571 333 631 fic
357 593 574 631 verum
601 573 699 642 est,
734 575 903 653 quod
930 574 1084 633 haec
1108 575 1382 652 potestas
1410 575 1494 635 est
1519 577 1869 636 immediate
1897 597 1933 635 a
1958 576 2209 650 Christo,

261 662 402 740 quia
451 674 515 720 ut
563 659 787 721 dietum
839 662 922 721 est
970 664 1026 721 in
1075 663 1111 722 Ι.
1160 677 1370 742 parte3
1419 677 1562 724 tunc
1608 664 1840 724 concilii
1890 678 1954 725 et
2001 686 2206 744 papae

261 768 396 822 non,
444 749 575 809 sunt
634 751 796 809 duae
855 751 1222 830 potastateS,
1282 752 1385 812 sed
1444 775 1573 821 una,
1624 767 1687 813 et
1745 754 1966 813 eadem
2017 755 2249 825 modo¹

261 838 486 897 ibidem
547 838 883 899 declarato
986 841 1050 899 Si
1114 855 1321 900 autem
1386 843 1695 920 capiamus
1759 841 2075 902 concilium
2143 855 2236 910 ut,

259 929 569 1006 quandam
618 931 1178 1009 congregationem
1219 930 1645 1009 praelatorum
1679 930 1914 991 exclusa
1946 931 2209 1010 persona

257 1037 464 1094 papae
511 1016 610 1076 vel
662 1016 1045 1077 auctoritatis
1095 1018 1254 1097 ejuS,
1303 1021 1468 1088 dieo,
1518 1021 1686 1100 quod
1746 1020 1878 1100 ejus
1935 1020 2208 1099 potestas
2268 1096 2269 1099 Ἴ

259 1125 384 1163 non
445 1105 528 1164 est
587 1127 623 1165 a
689 1107 922 1167 Christo
983 1129 1187 1187 neque
1247 1109 1599 1168 immediate
1660 1130 1861 1189 neque
1921 1110 2207 1182 mediate,

257 1195 397 1273 quia
447 1193 610 1254 nulla
659 1195 765 1267 est,
815 1218 927 1255 nec
976 1196 1060 1255 est
1108 1197 1473 1257 censendum
1521 1197 1864 1267 concilium,
1911 1197 2014 1257 sed
2061 1217 2206 1258 con-

257 1282 628 1357 ciliabulum,
689 1298 754 1344 ut
812 1285 989 1364 supra
1048 1284 1274 1345 dictum
1334 1287 1417 1346 est
1476 1287 1569 1345 VI.
1630 1286 2025 1347 conclusione.
2125 1287 2208 1346 Et

257 1386 551 1432 notanter
599 1374 734 1433 dico
785 1372 976 1433 libere
1027 1388 1089 1434 et
1137 1375 1388 1454 pacifice
1423 1389 1486 1435 et
1519 1376 1702 1443 unite,
1752 1377 1893 1456 quia
1924 1376 2024 1434 ubi
2058 1376 2208 1435 esset

256 1476 711 1543 congregatum
771 1465 955 1523 etiam
1014 1461 1290 1544 legitime
1339 1486 1376 1524 a
1423 1466 1718 1543 principio
1779 1463 2095 1524 concilium
2144 1477 2226 1534 et

255 1551 313 1610 in
363 1570 441 1610 eo
490 1572 657 1630 papa
703 1550 802 1611 vel
851 1554 1217 1634 vicegerens
1267 1575 1390 1614 non
1436 1555 1601 1613 'esset
1649 1555 1706 1613 in
1753 1553 1854 1613 sua
1901 1552 2205 1625 libertate,

254 1639 356 1700 sed
389 1640 885 1719 praesumeretur
925 1642 998 1712 vi,
1048 1656 1214 1702 metu
1248 1642 1347 1702 vel
1381 1644 1553 1702 minis
1587 1664 1702 1721 per
1735 1663 1846 1702 eos
1881 1643 1981 1722 qui
2014 1643 2206 1702 essent

254 1729 311 1788 in
386 1728 737 1807 hujusmodi
818 1730 1071 1791 concilio
1144 1733 1340 1791 induci
1411 1733 1492 1791 ad
1563 1731 1764 1811 aliqua
1835 1751 1994 1811 quae
2063 1729 2204 1790 suae

254 1815 603 1878 auctoritati
653 1833 715 1878 et
762 1819 1095 1900 privilegiis
1131 1841 1167 1880 a
1201 1820 1434 1881 Christo
1485 1821 1772 1880 concesfis
1820 1821 2206 1900 derogarent

254 1906 716 1980 consentienda,
747 1900 870 1967 'vel
919 1909 956 1967 fi
1005 1910 1304 1969 vitatione
1363 1909 1624 1969 scandali
1683 1923 1788 1969 aut
1845 1909 2220 1982 schismatiS,

253 2016 377 2056 non
426 2017 598 2056 mera
647 1995 968 2065 ele6fione,
1016 1997 1118 2057 sed
1168 2000 1660 2077 importunorum
1708 1998 2092 2077 impetitione
2141 2010 2207 2057 et

250 2084 662 2165 periculorum
711 2087 1047 2146 evitatione
1097 2086 1347 2167 aliquod
1406 2089 1611 2147 facere
1674 2086 1774 2146 vel
1834 2088 2038 2146 dicere
2098 2105 2202 2146 co-

250 2188 525 2255 geretur,
575 2188 718 2234 tunc
765 2176 1038 2254 potestas
1090 2176 1300 2235 Christi
1349 2178 1406 2235 in
1441 2176 1567 2255 ipso
1601 2175 1728 2236 solo
1763 2196 1930 2254 papa
1962 2173 2200 2234 restrin-

250 2277 509 2345 geretur
557 2277 620 2322 et
657 2264 790 2343 jam
838 2264 1141 2324 defineret
1190 2266 1310 2324 esse
1356 2266 1413 2323 in
1446 2265 1681 2323 residuo
1717 2264 2014 2342 corporis,
2061 2263 2203 2323 ficut

251 2354 309 2411 in
369 2353 651 2433 erigente
711 2353 770 2411 se
834 2367 1050 2412 contra
1110 2354 1167 2412 id
1228 2374 1264 2412 a
1323 2372 1446 2432 quo
1508 2354 1685 2433 dirigi
1748 2353 1968 2425 habet,
2040 2353 2202 2411 unde

250 2440 598 2519 hujusmodi
612 2440 1216 2522 conciliumlegitime
1233 2456 1689 2523 congregatum
1709 2442 1916 2521 quoad
1941 2441 2202 2519 primam

249 2531 643 2590 vocationem
691 2530 824 2608 jam
883 2531 1185 2590 desineret
1245 2532 1366 2590 esse
1421 2529 1695 2612 legitime
1746 2542 2202 2611 congregatum

250 2620 460 2698 quoad
493 2618 572 2677 sui
606 2619 1115 2698 prosecutionem.
1193 2621 1338 2679 Non
1381 2621 1541 2679 enim
1589 2618 1750 2679 actio
1799 2639 2002 2697 papae
2052 2638 2198 2678 con-

248 2708 526 2768 vocantis
577 2707 895 2768 concilium
956 2709 1039 2767 est
1087 2707 1247 2768 actio
1307 2709 1662 2787 praeconis,
1720 2706 1822 2766 sed
1882 2707 2199 2786 principis3

245 2797 573 2875 'praeconis
624 2798 784 2856 enim
834 2817 957 2857 non
1014 2796 1098 2855 est
1157 2811 1565 2857 convocatum
1624 2795 1941 2855 concilium
1999 2794 2198 2854 dissol-

248 2906 427 2954 vere,
486 2884 588 2944 sed
637 2885 768 2963 ejus
818 2884 1058 2966 legibus
1110 2886 1395 2958 obedire,
1455 2886 1741 2964 principis
1802 2898 2035 2956 autem,
2097 2884 2199 2962 qui

250 2973 393 3033 illud
440 2995 555 3052 per
601 2994 979 3052 praeconem
1042 2975 1407 3034 convocavit
1469 2976 1548 3034 ad
1610 2975 1840 3033 bonum
1894 2970 2198 3051 publicum

251 3061 683 3122 consulendum
743 3063 826 3122 est
884 3063 943 3122 id
1004 3064 1191 3122 etiam
1239 3075 1364 3141 ‘pro
1424 3062 1596 3122 libito
1660 3061 1758 3122 vel
1820 3059 2032 3120 saltem
2077 3079 2195 3138 pro
2277 3077 2279 3079 ·

250 3163 419 3210 certa
466 3152 707 3211 ratione
756 3149 1096 3224 dissolvere,
1144 3150 1500 3230 praesertim
1547 3152 1648 3210 ubi
1695 3151 1915 3209 viderit
1961 3146 2106 3207 illud
2138 3148 2195 3206 in

250 3239 733 3319 derogationem
770 3239 997 3318 jurium
1031 3241 1198 3320 erigi.
1267 3240 1349 3299 Et
1397 3260 1474 3299 eo
1524 3238 1689 3300 fa8c0
1739 3256 1862 3318 quo
1910 3237 2195 3316 princeps

249 3326 307 3386 se
341 3347 378 3385 a
411 3326 667 3387 concilio
716 3328 1024 3403 subtrahit,
1063 3328 1195 3406 jam
1236 3328 1446 3387 definit
1478 3329 1598 3387 esse
1632 3325 1962 3399 concilium,
2010 3345 2193 3404 prae-

248 3414 451 3475 sertim
499 3417 557 3475 in
613 3417 914 3495 principe,
973 3417 1139 3496 cujus
1197 3416 1468 3495 potestas
1516 3438 1554 3476 a
1599 3416 1841 3475 subditis
1902 3434 2025 3474 non
2084 3414 2208 3472 de-v

250 3504 513 3583 pendet,
573 3504 911 3583 cujusmodi
970 3507 1129 3565 inter
1187 3526 1404 3566 omnes
1460 3505 1665 3564 mundi
1723 3502 2063 3583 potestates
2111 3499 2195 3561 est
