2352 3808
1138 165 1242 220 119

210 345 379 423 quod
425 344 714 424 princeps
769 343 853 403 est
910 342 1137 404 solutus
1197 342 1468 426 legibuS,
1531 343 1569 403 fi
1633 340 2011 426 intelligatur
2071 343 2159 403 in-

210 445 508 513 quantum
539 431 727 512 ipsum
762 452 887 493 non
920 446 1314 507 concernunt,
1364 433 1505 513 quia
1538 430 1792 513 quilibet
1825 432 1931 494 isto
1966 433 2159 493 modo

210 520 295 582 est
339 520 567 582 solutus
615 520 882 603 legibus,
946 523 1046 583 nisi
1105 522 1317 603 quoad
1366 543 1579 582 earum
1637 522 2160 599 immutationem;

207 609 313 670 sed
359 608 702 671 intellectus
725 609 880 689 juris
915 611 1014 684 est,
1064 612 1232 692 quod
1266 610 1388 691 ipse
1424 633 1547 671 non
1580 611 1787 685 habet,
1837 612 1938 692 qui
1971 610 2162 691 ipsum

210 698 504 781 astringat
549 697 649 759 vel
696 700 910 778 puniat
958 701 1015 759 in
1065 701 1271 774 terriS,
1334 713 1401 760 ut
1459 699 1687 761 dic-stum
1735 700 1821 760 est
1876 700 2057 780 supra
2104 700 2162 759 in

207 788 294 848 III.
341 786 591 868 puncto.
683 788 873 866 Quod
919 789 958 849 fi
1006 790 1190 863 dicaS,
1254 790 1426 869 quod
1484 790 1603 851 hoc
1662 787 2021 872 intelligitur
2081 790 2162 850 de

208 877 483 957 principe
543 877 643 957 qui
707 898 832 938 non
894 877 1087 939 habet
1145 878 1550 958 superiorem:
1611 892 1780 939 certe
1839 880 1960 939 hoc
2019 876 2162 939 nulli

208 967 406 1048 magis
454 966 746 1027 convenit
793 988 979 1047 quarn
1026 989 1233 1047 papae
1282 989 1320 1027 a
1367 989 1491 1048 quo
1542 969 1740 1028 omnis
1783 969 2161 1048 principatus

209 1054 547 1130 descendit,
606 1056 705 1115 nisi
763 1057 925 1117 dicat
984 1055 1296 1117 ecolefiam
1359 1058 1480 1118 esse
1538 1057 1918 1137 superiorem
1975 1079 2162 1138 papa,

210 1145 382 1224 quod
428 1143 569 1206 licet
615 1146 778 1206 dicat
826 1145 946 1220 iste,
995 1167 1120 1207 non
1169 1159 1378 1206 tamen
1427 1147 1684 1225 probat,
1745 1160 1809 1207 et
1855 1146 1994 1207 satis
2044 1147 2164 1208 hoc

211 1227 640 1316 impugnatum
688 1233 786 1294 est.
844 1235 998 1295 Item
1044 1234 1371 1295 secundum
1406 1235 1929 1314 Chrysostomum:
1979 1234 2162 1296 Filius

210 1322 381 1383 dedit
411 1324 596 1384 Petro
646 1344 896 1387 omnem
935 1323 1101 1384 suam
1133 1338 1197 1385 et
1229 1326 1421 1404 patris
1454 1324 1839 1404 potestatem.
1885 1324 2162 1385 Potestas
2249 1343 2252 1346 ·

210 1424 422 1472 autem
457 1412 692 1473 -Christi
751 1426 927 1474 tanta
986 1414 1122 1487 fuit,
1181 1427 1249 1474 ut
1307 1413 1430 1493 ipse
1491 1412 1778 1475 ecclesiae
1836 1415 2162 1494 praeesset,

210 1520 338 1562 non
384 1500 658 1575 subesset,
707 1502 892 1584 igitur
939 1516 1003 1563 et
1051 1504 1274 1564 eadem
1308 1503 1417 1563 fuit
1447 1504 1610 1564 Petri
1644 1517 1708 1564 et
1738 1505 2162 1565 successorum.

209 1588 292 1650 Et
337 1589 613 1651 breviter
659 1589 1026 1671 superfluum
1075 1592 1160 1652 est
1206 1592 1300 1652 hic
1347 1593 1676 1667 immorari,
1725 1594 1866 1674 quia
1900 1592 2163 1674 qualiter

210 1699 378 1759 papa
425 1679 768 1759 subjiciatur
815 1682 1149 1742 canonibus
1209 1682 1699 1763 quibuscunque,
1757 1682 1897 1743 satis
1955 1680 2161 1743 decla-

210 1781 413 1829 ratum
460 1768 545 1829 est
591 1768 769 1849 supra
817 1769 1080 1832 concluS.
1114 1772 1209 1831 VI.
1243 1784 1307 1831 et
1354 1772 1412 1831 in
1446 1771 1561 1831 hac
1591 1772 1676 1831 ΙΙΙ.
1712 1785 1893 1851 parte
1927 1771 2160 1852 Ρυηᾶὶο

207 1855 296 1917 ΙΙΙ.
342 1857 424 1918 Et
470 1858 626 1919 haec
671 1858 803 1919 sunt
850 1881 1010 1941 quae
1059 1860 1217 1921 circa
1248 1862 1788 1940 praenominatam
1820 1861 2159 1941 responfio-

211 1967 354 2007 nem
399 1945 564 2009 salvo
613 1947 855 2029 semper
900 1972 957 2009 S.-
992 1951 1171 2011 Rom.
1220 1949 1507 2010 ecclesiae
1556 1963 1621 2010 et
1661 1949 1910 2011 alterius
1942 1950 2162 2012 saniori

200 2035 432 2115 judicio
482 2038 743 2098 dicenda
790 2037 912 2099 visa
958 2038 1104 2099 sunt.
1167 2040 1498 2118 Quaedam
1547 2041 1733 2100 etiam
1780 2038 1900 2100 alia
1948 2041 2006 2100 in
2055 2060 2160 2100 ea-

211 2125 355 2186 dem
402 2125 802 2206 responsione
859 2129 1007 2188 dixit
1063 2150 1223 2210 quae
1271 2127 1678 2209 particulatim
1736 2151 1976 2209 ponere
2036 2150 2161 2190 non

211 2215 444 2287 curavi,
491 2214 591 2276 vel
640 2218 781 2298 quia
828 2218 1072 2279 veritati
1122 2238 1247 2280 non
1293 2219 1579 2279 videntur
1636 2219 1916 2293 adversa,
1975 2217 2075 2279 vel
2123 2218 2161 2277 fi

210 2304 553 2378 videantur,
600 2306 679 2366 de
714 2305 868 2372 facili
902 2329 979 2368 ex
1010 2308 1343 2388 praemissis
1376 2307 1533 2370 solvi
1566 2309 1810 2388 possunt
1846 2306 1941 2369 vel
1976 2309 2162 2368 etiam

213 2393 574 2476 impugnari.
1210 2420 1217 2424 “

1009 2487 1070 2546 Α
1117 2509 1178 2547 m
1226 2509 1261 2547 e
1312 2509 1364 2547 n.
