2352 3808
1114 125 1378 204 Q*

270 313 485 379 partus
533 301 634 360 fibi
683 301 1000 382 consignat
1043 300 1243 380 spiritu
1284 301 1491 363 sancto
1527 305 1687 383 quasi
1721 303 1825 362 suo
1860 302 2218 366 charactere

271 402 335 449 et
381 387 591 471 sigillo,
640 403 706 449 ut
753 411 830 450 ex
883 389 1061 469 supra
1118 390 1324 469 pofitis
1385 389 1850 453 auctoritatibus
1909 394 2218 454 manifeste

269 478 548 538 habetur.
639 478 722 538 Et
776 477 1039 539 fimiliter
1087 479 1296 539 Christi
1355 481 1610 541 vicarius
1669 480 1773 542 suo
1833 482 2097 560 primatu
2155 494 2220 542 et

268 568 663 646 providentia
694 567 1032 628 universam
1066 567 1376 628 ecclefiam
1406 582 1701 650 tanquam
1733 569 1926 631 fidelis
1960 569 2221 630 minister

271 655 503 716 Christo
552 654 885 735 subjectam
944 656 1278 717 conservat.
1372 657 1835 719 Ostendendum
1894 658 1978 718 est
2034 659 2220 740 igitur

269 766 346 805 ex
372 742 838 820 auctoritatibus
864 767 1238 827 graecorum
1265 745 1593 807 doctorum
1610 746 1994 827 praedictum
2009 746 2219 807 Christi

267 835 558 893 vicarium
607 835 665 893 in
713 847 912 894 totam
961 834 1271 894 ecclesiam
1321 836 1532 896 Christi
1585 836 1904 916 potestatis
1953 835 2217 916 plenitu-

267 923 474 982 dinem
508 923 807 983 obtinere.
882 924 1071 1001 Quod
1105 926 1266 984 enirn
1297 926 1475 985 Rom.
1507 927 1787 1005 pontifex
1819 939 1882 985 et
1927 925 2221 985 successor

265 1013 428 1071 Petri
478 1012 687 1072 Christi
742 1013 1000 1073 vicarius
1057 1013 1124 1074 fit
1182 1015 1412 1093 primus
1473 1028 1536 1074 et
1593 1016 1889 1074 maximus
1949 1015 2220 1075 omnium

268 1102 707 1180 episcoporum
739 1122 939 1162 canon
973 1101 1204 1163 concilii
1238 1104 1514 1182 expresse
1550 1103 1826 1175 ostendit,
1873 1104 1947 1163 fic
1979 1104 2217 1163 dicens:

266 1192 654 1250 Veneramur
679 1189 1005 1251 secundum
1030 1191 1351 1270 scripturas
1379 1206 1443 1252 et
1468 1213 1772 1253 canonum
1796 1192 2219 1252 diffinitionem

265 1279 680 1340 sanctissimum
730 1282 1019 1361 antiquae
1066 1282 1310 1341 Romae
1360 1283 1721 1361 episcopum
1779 1281 2040 1360 primum
2098 1281 2218 1340 esse

267 1382 332 1429 et
401 1370 732 1429 maximum
796 1371 1066 1430 omnium
1130 1372 1569 1450 episcoporum
1631 1371 1736 1431 &c
1851 1371 2028 1430 Haec
2088 1369 2219 1430 sunt

265 1458 460 1518 verba
505 1480 550 1518 s,
600 1457 877 1519 doctoris
926 1460 1006 1519 ad
1053 1458 1334 1519 litteram.
1428 1460 1615 1537 Quod
1662 1460 1701 1519 fi
1749 1461 1911 1520 forte
1969 1459 2063 1519 hic
2119 1479 2216 1518 re-

264 1547 575 1627 spondens
623 1547 773 1608 velit
819 1549 975 1608 haec
1020 1549 1216 1608 verba
1243 1547 1528 1630 glossare
1578 1562 1642 1609 et
1689 1550 1769 1608 ad
1816 1548 1982 1608 suurn
2033 1568 2216 1626 prae-

265 1635 493 1697 dictum
539 1637 770 1697 sensum
817 1638 1095 1708 trahere,
1146 1639 1439 1711 dicend0‚
1489 1639 1658 1719 quod
1707 1638 1956 1718 quando
2005 1637 2219 1696 dicitur

263 1726 359 1786 hic
416 1739 616 1786 totam
677 1726 776 1786 vel
840 1725 1244 1788 universalem
1307 1725 1650 1800 ecclefiam‚
1712 1725 2066 1808 intelligitur
2128 1725 2217 1785 di-

263 1815 571 1876 stributive
609 1828 673 1876 et
707 1836 831 1876 non
874 1814 1212 1889 collective,
1262 1830 1326 1876 et
1374 1817 1542 1896 quod
1574 1816 1694 1877 hoc
1725 1816 1967 1876 videtur
1998 1814 2218 1875 sonare

265 1903 396 1964 finis
431 1903 692 1983 capitali,
733 1906 833 1965 ubi
867 1906 1098 1979 dicitur,
1147 1907 1316 1986 quod
1346 1906 1525 1966 Rom.
1558 1906 1839 1985 pontifex
1872 1903 1956 1964 est
1986 1903 2216 1983 primus

266 2007 329 2053 et
387 1994 683 2053 maximus
745 1996 1017 2055 omnium
1076 1996 1537 2074 episcoporum,
1597 1994 1767 2075 quod
1826 2007 1889 2053 et
1947 1992 2070 2072 ipse
2117 2011 2216 2052 re·

263 2082 573 2162 spondens
623 2085 939 2144 concedit:
988 2084 1301 2157 attendat,
1351 2084 1521 2163 quod
1569 2085 1650 2144 ad
1696 2083 1816 2143 hoc
1861 2095 1928 2142 ut
1974 2081 2217 2141 videtur

267 2171 715 2232 excludendum
775 2174 937 2233 idem
995 2171 1220 2234 doctor
1267 2186 1562 2233 notanter
1608 2172 1839 2232 addidit
1886 2167 2217 2250 capitulum

263 2262 405 2334 LV„
455 2260 621 2340 cujus
670 2261 911 2321 rubrica
958 2261 1095 2322 talis
1145 2261 1230 2321 est
1276 2260 1469 2334 videl„
1518 2262 1686 2341 quod
1716 2262 1896 2320 Rom.
1936 2257 2218 2338 pontifex
2307 2310 2309 2312 ,

265 2351 324 2409 111
387 2362 585 2410 totam
647 2348 958 2411 ecclefiam
1023 2350 1231 2411 Christi
1294 2349 1695 2410 universalem
1764 2347 2216 2428 praelationem

265 2439 469 2499 habet.
539 2439 756 2500 Tenor
803 2453 1011 2499 autem
1045 2438 1288 2519 capituli
1321 2438 1405 2499 est
1437 2439 1554 2498 iste.
1627 2437 2215 2508 Ostendituretiam,

266 2529 436 2608 quod
494 2526 847 2607 praedictus
897 2529 1105 2589 Christi
1165 2530 1420 2588 vicarius
1481 2530 1539 2587 in
1597 2542 1796 2588 totam
1846 2524 2055 2586 Christi
2114 2545 2214 2584 ec-

266 2616 502 2677 clefiam
564 2616 966 2677 universalem
1034 2616 1487 2697 praelationem
1559 2617 1853 2677 obtineat.
1957 2614 2217 2695 Legitur

267 2707 445 2779 enim,
493 2707 550 2767 in
586 2705 1067 2767 Chalcedonenfi
1117 2705 1390 2780 601161110,
1438 2706 1608 2786 quod
1640 2719 1776 2766 tota
1806 2704 2071 2782 synodus
2103 2701 2212 2761 ad-

266 2794 552 2856 clamavit
594 2796 793 2855 Leoni
839 2816 1075 2875 papae:
1123 2797 1255 2856 Leo
1304 2794 1688 2855 sanctissimus
1738 2791 2102 2873 apostolicus
2147 2801 2215 2849 ‘et

265 2886 660 2962 ycomenicos
693 2885 724 2944 i.
759 2905 809 2944 e.
842 2883 1191 2944 universalis
1224 2883 1574 2964 patriarcha
1606 2905 1720 2963 per
1752 2880 1978 2942 multos
2016 2898 2212 2940 annos

267 2974 448 3034 vivat.
525 2974 606 3034 Et
640 2972 1078 3034 Chrisostomus
1111 2973 1291 3053 super
1322 2973 1570 3033 Matth.:
1611 2971 1794 3032 Filius
1828 2991 1987 3051 quae
2020 2967 2212 3049 patris

269 3062 353 3123 est
400 3075 465 3123 et
512 3062 687 3142 ipsius
720 3060 820 3122 filii
853 3061 1227 3141 potestatem
1250 3063 1436 3122 Petro
1470 3062 1694 3142 ubique
1728 3075 2033 3120 terrarum
2066 3077 2210 3117 con-

269 3150 430 3211 cessit
478 3164 542 3211 et
589 3152 818 3211 homini
875 3150 1121 3211 mortali
1181 3152 1451 3213 omnium
1509 3171 1668 3230 quae
1727 3150 1785 3209 in
1845 3146 2023 3208 coelo
2081 3144 2214 3205 sunt

268 3240 439 3300 dedit
486 3238 939 3313 auctoritatem,
988 3241 1201 3301 dando.
1233 3240 1434 3300 eidem
1467 3237 1671 3299 claves
1707 3238 1785 3298 ad
1817 3237 1951 3309 hoe,
2000 3248 2065 3295 ut
2112 3253 2212 3293 ec-

269 3326 506 3388 clefiam
564 3330 788 3409 ubique
845 3342 1150 3389 terrarum
1208 3327 1549 3408 amplificet.
1639 3327 1720 3387 Et
1777 3326 1956 3404 super
2000 3325 2212 3403 Joann.

268 3414 469 3478 homil.
516 3417 844 3477 LXXXV:
906 3418 1199 3496 Jacobum
1257 3416 1535 3479 localiter
1593 3418 1651 3476 in
1708 3413 1847 3475 loco
1909 3413 2212 3483 terminat,

268 3506 515 3568 Petrum
534 3519 743 3565 autem
762 3508 948 3567 totius
969 3507 1133 3567 orbis
1154 3507 1398 3566 ordinat
1416 3504 1766 3587 magistrum
1786 3516 1849 3563 et
1874 3501 2213 3564 (106ὶο16111.
