2352 3808
1047 166 1116 218 37

93 358 233 406 'tum
280 366 434 407 vero
494 347 573 406 de
633 358 771 407 toto
832 358 896 405 et
953 358 1134 426 parte
1194 346 1508 424 procedit,
1569 347 1820 426 quando
1870 349 2061 409 virtus

101 436 295 515 partis
345 436 664 515 dependet
705 455 741 494 a
773 435 999 495 virtute
1048 435 1252 495 totiuS.
1326 436 1430 495 Ad
1478 434 1806 496 secundum
1854 438 2058 498 dicen-

103 526 272 595 dum,
333 525 501 606 quod
561 522 811 584 ecclefia
861 546 937 584 ex
984 525 1104 585 hoc
1163 526 1332 604 quod
1380 526 1438 584 in
1487 524 1608 585 fide
1670 546 1883 585 errare
1934 548 2060 588 non

59 614 327 694 ¹potest,
387 635 512 675 non
570 612 816 673 sortitur
874 614 1246 693 potestatem
1294 613 1393 674 vel
1455 614 1892 676 auctoritatem
1951 615 2059 676 ali-

102 724 302 785 quam,
350 703 454 764 sed
500 701 762 782 speciale
808 702 1198 785 privilegium
1247 717 1311 763 et
1359 705 1594 764 donum
1641 706 1980 786 gratuitum
2024 727 2062 766 a

101 794 226 854 deo
273 793 374 854 fibi
423 791 743 861 collatum,
803 791 955 852 alias
1004 793 1042 852 fi
1091 792 1211 851 hoc
1259 793 1630 872 importaret
1684 794 2059 874 potestatem

91 881 529 962 jurisdictionis
590 882 731 962 quia
779 883 858 941 de
908 880 1013 941 tali
1062 880 1240 941 litera
1301 880 1623 963 loquimur,
1682 883 2058 964 sequeretur,
2119 912 2122 917 ·

101 971 272 1052 quod
319 972 662 1052 quicunque
711 971 975 1030 haberet
1034 970 1384 1050 hujusmodi
1443 973 1677 1032 donum
1723 971 1823 1033 vel
1871 974 2056 1053 privi-

98 1059 347 1142 legium,
406 1062 576 1142 quod
634 1081 895 1139 peccare
956 1078 1083 1119 non
1141 1061 1343 1139 posset
1391 1060 1490 1122 seu
1540 1062 1598 1121 in
1656 1062 1778 1122 fide
1828 1084 2057 1135 errare,

99 1150 362 1225 haberet
407 1150 588 1230 super
634 1148 788 1210 alios
827 1149 1213 1229 judiciariam
1260 1151 1635 1229 potestatem
1676 1165 1740 1212 et
1788 1150 2057 1213 auctori-

98 1253 310 1314 tatem,
358 1241 527 1321 quod
575 1239 888 1299 manifeste
938 1252 1205 1318 apparet
1239 1240 1360 1299 esse
1395 1238 1620 1300 falsum.
1679 1241 1809 1301 Sed
1857 1242 2058 1302 adhuc

99 1328 195 1389 alii
229 1343 558 1409 opponunt
591 1330 886 1402 dicenteS,
934 1327 1379 1407 plenitudinem
1411 1330 1734 1409 potestatis
1772 1351 1897 1392 non
1935 1331 2056 1391 esse

98 1420 155 1478 in
202 1417 333 1479 solo
393 1440 587 1499 papa,
645 1418 750 1478 sed
798 1419 856 1478 in
904 1416 1222 1478 universali
1282 1416 1529 1479 ecclesia
1579 1433 1642 1479 et
1690 1421 1748 1479 in
1798 1418 2055 1481 concilio

97 1506 375 1591 generali
423 1508 610 1587 ipsam
665 1507 1192 1588 repraesentante,
1252 1508 1692 1591 distinguentes
1754 1509 2056 1589 triplicem

97 1598 350 1658 modum
399 1599 626 1658 essendi
660 1598 718 1657 in
767 1596 990 1678 aliquo,
1041 1611 1104 1657 et
1152 1597 1434 1672 dicendo,
1485 1599 1654 1679 quod
1702 1597 2054 1678 separabili-

97 1700 194 1747 ter
234 1686 318 1747 est
353 1687 701 1767 hujusmodi
749 1687 1069 1767 potestatis
1118 1685 1438 1766 plenitudo
1474 1693 1531 1747 in
1565 1687 1797 1748 summo
1845 1688 2053 1767 ponti-

94 1775 225 1847 fice,
274 1775 760 1857 inseparabiliter
808 1777 865 1836 in
914 1775 1233 1837 universali
1282 1775 1530 1838 ecclefia
1579 1790 1643 1837 et
1689 1777 2054 1857 repraesen-

97 1866 289 1926 tative
323 1868 382 1926 in
414 1865 695 1948 generali
730 1865 999 1927 conciliO.
1058 1866 1187 1925 Sed
1222 1867 1362 1945 quia
1396 1866 1544 1926 istud
1593 1887 1718 1927 non
1766 1867 2055 1946 probant,

97 1956 238 2016 ideo
288 1957 511 2016 eadem
559 1955 849 2016 facilitate
899 1956 1328 2027 contemnitur,
1379 1976 1501 2035 qua
1533 1956 1864 2035 profertur.
1933 1954 2054 2015 Alii

97 2065 250 2106 vero
299 2046 504 2106 dicunt
563 2045 725 2126 quafi
785 2043 1048 2105 fimiliter
1106 2043 1575 2127 distinguentes,
1636 2046 1823 2105 etiam
1883 2046 2054 2126 quod

97 2133 321 2214 aliquid
370 2134 687 2214 tripliciter
732 2134 936 2213 potest
984 2135 1104 2194 esse
1155 2135 1212 2193 in
1262 2134 1502 2215 aliquo:
1562 2130 1631 2194 1⁰
1665 2148 1963 2216 tanquam
1996 2136 2053 2194 in

97 2221 386 2303 subjecto,
434 2224 577 2284 s1cut
619 2224 809 2284 virtus
860 2223 946 2283 est
993 2224 1050 2282 in
1099 2223 1318 2293 anima,
1369 2237 1433 2283 et
1482 2224 1764 2283 accidens
1814 2226 1872 2283 in
1919 2223 2054 2283 sub-

89 2310 263 2392 jecto
311 2310 669 2392 subjective3
735 2309 808 2373 2⁰
857 2327 1150 2394 tanquam
1199 2313 1257 2372 in
1306 2310 1588 2392 objecto,
1648 2313 1791 2373 ficut
1839 2311 2055 2393 aliquis

101 2399 358 2461 effectus
407 2402 623 2462 dicitur
670 2403 790 2463 esse
839 2404 898 2462 in
945 2402 1048 2463 sua
1095 2401 1271 2462 causa
1318 2401 1418 2462 vel
1467 2403 1525 2461 in
1573 2402 1677 2462 suo
1727 2402 1865 2475 fine,
1915 2403 2057 2483 quia

101 2491 158 2549 in
185 2488 350 2550 illum
375 2491 573 2551 tendit
605 2504 901 2571 tanquam
927 2492 984 2551 in
1017 2491 1183 2551 suum
1218 2489 1532 2571 objectum
1562 2490 1773 2569 finale3
1812 2488 1887 2569 3⁰
1919 2505 2056 2551 tan-

101 2600 286 2660 quam
332 2580 390 2639 in
440 2579 747 2660 exempIO,
794 2581 936 2640 ficut
969 2601 1069 2641 res
1101 2580 1224 2640 visa
1271 2581 1486 2639 dicitur
1534 2582 1654 2640 esse
1704 2581 1762 2639 in
1809 2579 2056 2659 speculo

99 2667 199 2729 vel
233 2667 438 2750 aliqua
471 2667 755 2730 doctrina
788 2671 845 2729 in
890 2668 1063 2741 librO,
1112 2669 1254 2750 quia
1287 2670 1364 2729 ibi
1399 2668 1483 2729 est
1514 2668 2057 2748 repraesentative.

99 2758 300 2819 Primo
351 2779 509 2842 ergo
544 2761 733 2820 modo
782 2757 1104 2839 plenitudo
1153 2757 1475 2838 potestatis
1511 2758 1595 2818 est
1627 2759 1684 2818 in
1718 2779 1886 2838 papa
1920 2771 2056 2818 tan-

101 2868 286 2928 quam
349 2849 406 2907 in
474 2846 748 2927 subjecto
813 2848 999 2929 ipsam
1069 2848 1406 2927 recipiente
1472 2860 1535 2907 et
1597 2846 2060 2908 ministerialiter

102 2950 449 2997 exercente.
516 2937 830 2998 Secundo·
858 2938 1048 2997 modo
1097 2937 1172 2997 fic
1208 2937 1290 2997 est
1339 2938 1397 2996 in
1446 2936 1762 2997 universali
1812 2935 2062 2998 ecclefia

102 3040 396 3107 tanquam
443 3027 502 3086 in
559 3025 812 3105 objecto
863 3026 1051 3105 ipsam
1099 3024 1417 3087 causaliter
1465 3040 1529 3086 et
1587 3024 1852 3086 finaliter
1906 3028 2057 3087 'con-

104 3115 354 3177 tinente.
407 3116 627 3176 Tertio
677 3116 869 3176 modo
920 3115 1004 3176 est
1036 3116 1094 3175 in
1126 3114 1409 3197 generali
1458 3114 1715 3176 concilio
1764 3128 2060 3196 tanquam

105 3204 163 3262 in
210 3203 499 3284 exemplo
560 3204 748 3284 ipsam
809 3204 1319 3284 repraesentante
1376 3218 1440 3266 et
1487 3203 1861 3286 regulariter
1918 3204 2059 3264 diri-

104 3306 312 3374 gente.
377 3295 642 3354 Primum
688 3306 882 3374 patet,
931 3294 1074 3374 quia
1104 3314 1272 3373 papa
1319 3294 1574 3374 proprie
1622 3292 1942 3374 loquendo
1978 3291 2063 3352 est

105 3381 367 3442 minister
414 3383 571 3443 hanc
617 3382 992 3463 potestatem
1037 3381 1368 3462 subjective
1416 3383 1718 3462 recipiens
1754 3396 1817 3444 et
1865 3382 2058 3443 admi-

72 3470 413 3542 *nistrative
459 3471 824 3553 dispensanS,
862 3471 1042 3552 juxta
1090 3470 1234 3532 illud
1268 3471 1661 3533 Luc.XX11.:
1708 3472 1829 3551 Qui
1876 3492 2061 3552 prae-

108 3559 302 3619 cessor
358 3558 442 3620 est
488 3561 546 3620 in
594 3562 771 3622 vobis
827 3560 934 3620 fiat
995 3561 1138 3620 ficut
1196 3560 1458 3621 minister
1513 3558 1632 3621 five
1681 3561 2062 3621 ministrator.
