2352 3808
1110 119 1373 197 —Q-

266 314 472 374 papae
520 311 646 352 non
698 292 780 352 est
826 292 942 353 alia
991 307 1056 353 et
1102 292 1221 354 alia
1251 293 1538 373 potestaS,
1585 295 1688 355 sed
1721 317 1857 369 una,
1904 317 2026 357 una
2057 297 2212 370 dico,

267 402 392 442 non
440 383 674 442 unitate
722 381 1022 460 suppositi,
1070 382 1173 442 sed
1221 385 1453 443 unitate
1491 386 1718 444 ordinis
1753 398 1817 444 et
1849 386 2211 463 dependen-

265 473 417 543 tiae,
476 472 618 530 ficut
673 471 943 530 omnium
989 470 1295 530 stellarum
1342 486 1406 532 et
1451 471 1586 533 solis
1635 492 1760 532 non
1810 473 1893 533 est
1939 473 2102 533 aliud
2149 487 2214 534 et

265 558 428 620 aliud
475 559 709 631 lumen,
769 580 883 618 nec
931 558 1049 618 alia
1097 573 1161 619 et
1207 559 1326 619 alia
1372 562 1561 621 virtus
1611 561 1810 622 affitiva
1856 561 2212 641 simpliciter,

265 650 362 709 nis1
411 650 573 708 forte
621 647 946 707 secundum
994 649 1138 748 quid
1184 647 1468 709 videlicet
1514 650 1838 709 secundum
1886 651 2023 723 esse,
2088 671 2213 711 non

260 738 587 798 secundum
634 737 974 810 essentiam
1034 738 1176 817 quia
1223 736 1427 797 lumen
1474 737 1862 817 planetarum
1911 740 2213 820 originem

262 827 453 885 habet
500 846 537 884 a
582 823 725 898 sole,
771 838 840 884 ut
887 826 981 884 hic
1027 826 1387 904 supponitur
1433 826 1756 886 secundum
1798 820 2246 907 philosophos

259 915 341 973 Et
399 915 540 973 ficut
600 915 871 973 omnium
930 915 1189 974 fontium
1243 936 1366 974 una
1414 916 1497 975 est
1543 937 1704 996 aqua
1751 916 2075 976 secundum
2123 915 2211 976 es-

259 1003 527 1075 sentiam,
577 1003 935 1082 inquantum
983 1004 1062 1062 ab
1109 1024 1232 1063 uno
1267 1005 1562 1083 principio
1596 1006 1778 1064 maris
1812 1005 2211 1077 descendunt,

259 1090 398 1151 licet
445 1092 770 1150 secundum
819 1093 939 1151 esse
989 1091 1106 1151 alia
1156 1092 1240 1151 est
1287 1091 1497 1164 calida,
1547 1092 1665 1152 alia
1710 1093 1949 1174 frigida,
2003 1092 2210 1152 secun-

260 1182 406 1240 dum
465 1181 585 1239 esse
646 1181 815 1260 quod
873 1181 1064 1240 habet
1123 1182 1180 1240 in
1231 1202 1308 1241 eo
1359 1183 1415 1240 in
1465 1202 1588 1261 quo
1637 1181 1963 1259 suscipitur.
2057 1181 2213 1241 Cum

260 1271 446 1329 etiam
494 1268 819 1328 secundum
865 1269 1195 1329 Albertum
1230 1269 1436 1329 lumen
1469 1271 1705 1349 primae
1740 1269 1952 1329 causae
1985 1270 2043 1328 in
2077 1289 2210 1329 om-

259 1359 432 1418 nibus
481 1357 732 1417 causatis
782 1358 867 1417 est
914 1380 1100 1418 unum
1147 1358 1472 1418 secundum
1522 1360 1851 1429 essentiam,
1914 1357 2055 1417 licet
2100 1378 2209 1418 va-

256 1449 410 1507 rium
456 1446 781 1506 secundum
815 1449 951 1521 esse,
1001 1448 1316 1507 essentiam
1348 1449 1483 1507 dico
1517 1447 1751 1526 speciei,
1801 1468 1925 1507 non
1957 1448 2208 1528 generis

255 1536 355 1596 seu
419 1534 779 1616 analogiae:
829 1537 903 1595 fic
958 1557 1115 1617 ergo
1166 1550 1230 1596 et
1276 1538 1465 1597 totius
1515 1534 1774 1608 concilii,
1823 1536 2094 1615 quinimo
2145 1549 2209 1595 et

256 1625 442 1684 totius
507 1623 792 1684 ecclesiae
857 1625 940 1684 est
1001 1646 1122 1684 una
1183 1626 1455 1703 potestas
1514 1623 1840 1684 secundum
1895 1625 2210 1684 essentiam

256 1714 448 1774 modo
498 1711 839 1792 praedicto,
888 1713 1029 1772 licet
1076 1713 1402 1774 secundum
1450 1714 1570 1773 esse
1620 1714 1677 1771 in
1724 1714 1958 1794 gradus
1999 1713 2207 1772 varios

257 1802 669 1883 distinguatur.
717 1803 798 1861 Et
830 1803 1031 1861 adhuc
1064 1802 1149 1861 est
1181 1803 1382 1882 major
1428 1803 1627 1861 unitas
1677 1801 1796 1874 ista,
1846 1821 2030 1881 quam
2077 1801 2206 1860 uni-

256 1905 351 1951 tas
417 1911 615 1970 aquae
678 1890 778 1950 vel
841 1890 1105 1963 luminiS,
1166 1893 1306 1971 quia
1361 1893 1628 1950 varietas
1689 1911 1848 1970 quae
1904 1891 2209 1951 invenitur

256 1982 313 2040 in
360 1978 538 2038 stellis
586 1977 686 2038 vel
736 1981 794 2038 in
843 1980 1131 2053 fontibus,
1180 1999 1304 2039 non
1351 1980 1660 2059 provenit,
1690 2000 1767 2038 ex
1813 1992 1993 2058 parte
2040 1979 2206 2058 prin-

257 2069 418 2147 cipii,
481 2067 581 2127 vel
645 2089 863 2129 eorum
927 2069 1206 2148 originiS,
1271 2091 1405 2127 cum
1468 2067 1567 2127 illa
1629 2081 1822 2148 agant
1882 2067 2208 2132 secundum

256 2170 570 2234 naturam3
635 2157 713 2216 ab
777 2178 901 2217 uno
967 2171 1176 2217 autem
1240 2171 1471 2239 agente
1535 2156 1860 2216 secundum
1923 2169 2207 2215 naturam

256 2265 380 2305 non
429 2246 514 2305 est
561 2246 659 2304 nis]
708 2267 908 2318 unum,
957 2260 1024 2305 ut
1055 2247 1243 2306 tradit
1274 2245 1776 2325 philosophorum
1808 2244 2024 2304 schola.
2078 2244 2208 2303 Sed
2247 2295 2250 2299 .

256 2335 411 2394 haec
456 2335 724 2394 varietas
772 2335 1053 2413 procedit
1086 2356 1163 2394 ex
1194 2349 1374 2414 parte
1407 2331 1938 2412 receptaculorum
1970 2332 2207 2392 luminis

254 2423 355 2482 vel
404 2444 623 2503 aquae,
672 2444 832 2503 quae
880 2422 1011 2482 sunt
1059 2424 1294 2483 diversa
1339 2423 1664 2482 secundum
1710 2423 1996 2500 proprias
2030 2434 2206 2481 natu-

255 2533 385 2585 raS,
449 2533 574 2572 non
635 2512 963 2593 agentibus
1021 2512 1180 2571 hanc
1239 2512 1650 2571 diversitatem
1708 2509 1833 2571 sole
1879 2509 1979 2569 vel
2038 2509 2206 2582 mari,

255 2600 358 2661 sed
406 2596 531 2679 ipso
582 2614 868 2660 creatore
916 2614 1137 2679 utputa
1183 2602 1325 2680 quia
1373 2598 1491 2659 alia
1540 2620 1617 2658 ex
1649 2598 1772 2678 ipsa
1802 2599 2000 2677 prima
2032 2618 2206 2658 crea-

257 2691 427 2750 tione
477 2689 561 2749 est
609 2703 829 2749 natura
876 2689 1178 2761 Mercurii,
1226 2688 1346 2747 alia
1376 2688 1642 2761 Saturni,
1690 2686 1894 2746 lumen
1942 2686 2208 2765 ipsorum

256 2779 447 2838 habet
495 2777 675 2837 aliam
724 2791 787 2837 et
820 2775 1000 2836 aliam
1032 2778 1350 2853 virtutem3
1400 2789 1463 2836 et
1496 2777 1638 2856 quia
1669 2796 1791 2835 una
1822 2796 1968 2854 pars
2005 2795 2206 2855 aquae

259 2867 466 2926 tranfit
513 2887 628 2945 per
675 2879 916 2926 meatus
964 2864 1342 2944 sulphureOS,
1392 2866 1583 2924 induit
1629 2866 1893 2924 formam
1936 2862 2206 2923 calidita-

259 2957 352 3026 tis,
401 2954 519 3014 alia
558 2976 673 3034 per
705 2967 944 3014 meatus
978 2975 1149 3014 mere
1184 2953 1500 3013 terrestres
1534 2954 1761 3012 retinet
1794 2953 2206 3033 frigiditatem.

256 3045 338 3103 Et
384 3044 458 3103 fic
503 3045 771 3103 varietas
820 3044 878 3102 in
926 3042 1040 3102 istis
1088 3044 1371 3121 procedit
1419 3064 1496 3102 ex
1522 3036 1844 3101 'varietate
1902 3037 2204 3118 subjecPoe-

258 3154 406 3191 rum.
496 3133 561 3191 In
620 3132 915 3213 gradibus
987 3144 1195 3190 autem
1265 3129 1662 3190 ecclesiasticis
1731 3142 1867 3188 tota
1935 3129 2204 3187 varietas

259 3222 577 3299 dependet
625 3242 701 3280 ex
748 3232 927 3299 parte
975 3220 1249 3298 principii
1297 3219 1406 3278 scil.
1458 3219 1631 3297 ipfius
1680 3238 1901 3296 papae,
1950 3217 2091 3295 quia
2124 3214 2208 3274 est

259 3329 456 3388 agens
506 3329 631 3368 non
678 3308 1003 3368 secundum
1052 3321 1351 3380 naturam,
1398 3307 1502 3367 sed
1548 3306 1871 3366 secundum
1919 3303 2204 3364 volunta-

258 3410 414 3469 tem,
474 3410 538 3456 et
595 3411 782 3479 prout
840 3397 1080 3457 ratione
1141 3396 1575 3456 determinavit
1621 3395 1822 3453 varias
1870 3394 2203 3475 dignitates

258 3499 323 3546 et
383 3486 590 3544 varios
651 3486 885 3566 gradus
949 3486 1177 3546 ordinis
1237 3498 1301 3544 et
1347 3482 1784 3563 jurisdictionis
1845 3481 2087 3541 instituit
2140 3493 2204 3539 et
