2352 3808
1060 138 1124 189 61

94 315 335 395 -quibus
368 313 563 375 voluit
596 312 731 374 illos
765 312 1096 391 applicavit
1129 313 1556 371 determinatis
1590 311 1884 390 personiS,
1917 311 2076 370 hunc

119 404 390 463 creando
439 400 825 474 cardinalem,
873 400 1037 460 illum
1070 401 1500 480 patriarcham,
1549 400 1708 460 hunc
1741 399 2073 478 archiepis-

118 512 360 571 copum,
420 490 584 550 illum
644 489 1010 569 episcopum,
1071 489 1234 549 illum
1305 488 1630 568 simplicem
1677 488 2075 548 sacerdotem.

117 581 287 640 Sicut
336 600 492 661 ergo
541 578 762 639 secluso
795 578 1019 638 lumine
1053 578 1190 639 solis
1225 591 1289 638 et
1322 578 1544 638 secluso
1580 579 1803 638 influxu
1838 577 2075 637 Oceani

117 668 346 729 nullum
394 682 530 728 erat
576 667 780 727 lumen
828 667 1218 747 planetarum
1267 682 1331 727 et
1378 666 1541 727 nulla
1588 689 1752 748 aqua
1806 667 2077 727 rivorum

115 757 216 818 vel
265 759 537 829 fontium,
586 758 670 816 ita
715 756 944 816 seclusa
991 779 1196 836 papae
1244 757 1553 836 potestate
1616 755 1779 815 nulla
1827 755 1912 815 est
1958 776 2074 834 po-

117 847 300 907 testas
334 846 596 906 concilii.
689 847 754 906 Si
802 859 985 926 'quam
1034 866 1192 928 ergo
1241 847 1459 920 habet,
1519 846 1711 905 habet
1769 866 1892 904 una
1940 866 2075 903 cum

116 957 311 1016 papa,
370 936 729 1016 inquantum
787 956 953 1014 papa
1015 934 1093 994 illi
1151 935 1314 995 suam
1375 936 1734 1014 impartitur.
1826 935 1908 993 Et
1956 934 2076 994 hoc

117 1025 201 1085 est
246 1026 416 1105 quod
463 1023 657 1086 voluit
690 1025 1003 1106 Origenes
1051 1024 1230 1104 super
1262 1023 1432 1084 illud:
1481 1024 1660 1083 Pasce
1696 1045 1850 1084 oves
1885 1044 2074 1096 meaS‚

113 1115 241 1193 Joa.
287 1115 470 1184 XXI„
518 1114 618 1173 ubi
665 1115 740 1173 s1c
787 1114 1003 1173 habet:
1059 1115 1448 1174 Praeteriens
1498 1127 1707 1173 autem
1755 1112 1910 1173 alios
1959 1113 2073 1172 do-

115 1204 310 1263 minus
350 1205 536 1263 Petro
586 1204 665 1262 de
714 1203 934 1263 talibus
982 1202 1264 1283 loquitur,
1314 1204 1567 1262 eximius
1617 1204 1779 1262 enim
1827 1202 2073 1281 aposto-

116 1315 251 1352 rum
298 1306 434 1352 erat
465 1293 682 1352 Petrus
718 1306 781 1352 et
830 1314 902 1353 os
950 1292 1387 1371 discipulorum
1436 1306 1499 1352 et
1546 1306 1765 1352 vertex
1814 1290 2073 1372 collegii.

116 1382 296 1459 Quae
344 1382 539 1441 verba
586 1382 747 1442 bene
798 1383 1075 1442 notanda
1122 1381 1270 1454 sunt,
1329 1403 1444 1460 per
1491 1382 1611 1442 hoc
1660 1382 1839 1455 enim,
1901 1380 2072 1460 quod

116 1471 257 1530 dicit
313 1471 609 1531 Christum
668 1470 823 1530 alios
887 1472 1292 1550 praeteriisse,
1353 1471 1614 1544 constat,
1673 1472 1859 1531 Petro
1920 1491 2072 1548 prae

115 1558 244 1620 aliis
294 1559 546 1640 aliquod
595 1559 938 1637 contulisse3
987 1582 1102 1639 per
1149 1561 1268 1621 hoc
1316 1562 1485 1640 quod
1534 1561 1675 1620 dicit
1723 1559 1910 1639 ipsum
1966 1581 2072 1618 ex-

116 1649 320 1709 imium
358 1648 788 1728 apostolorum
837 1650 1186 1724 ostenditur,
1236 1649 1552 1729 apostolos
1603 1669 1730 1708 non
1779 1650 1944 1708 fuisse
1993 1647 2073 1707 illi

115 1738 518 1818 coaequaleS,
583 1753 647 1799 et
709 1739 747 1798 fi
811 1737 1128 1799 sanctitate
1191 1739 1291 1798 vel
1355 1740 1600 1811 ordine,
1674 1760 1799 1801 non
1862 1752 2072 1798 tamen

107 1826 563 1907 jurisdictione3
622 1850 737 1908 per
791 1829 911 1890 hoc
969 1830 1139 1909 quod
1197 1829 1339 1888 dicit
1397 1828 1586 1907 ipsum
1635 1850 1707 1889 os
1757 1827 2072 1907 apostolo-

116 1939 268 1991 rum,
317 1918 667 1992 ostenditur,
727 1917 916 1997 ipsum
952 1919 1096 1993 *esse
1156 1940 1272 1997 per
1320 1940 1505 1998 quem
1555 1919 1743 1978 ceteri
1779 1918 2074 1977 accessum

114 2007 347 2067 habent
405 2008 485 2067 ad
534 2007 858 2084 Christum3
918 2030 1032 2086 per
1091 2008 1209 2068 hoc
1267 2009 1437 2087 quod
1497 2008 1654 2082 dicit,
1713 2007 1903 2086 ipsum
1952 2007 2072 2066 esse

116 2098 413 2158 verticem
446 2095 706 2178 collegii,
747 2110 940 2176 patet,
972 2098 1220 2156 Petrum
1253 2098 1806 2176 praeeminentiam
1838 2096 2072 2155 habere

116 2187 343 2246 nedum
390 2186 568 2266 super
615 2185 882 2268 fingulos
931 2187 1009 2246 de
1059 2185 1327 2268 collegio
1369 2186 1632 2246 seorsum
1664 2186 1921 2265 sumth
1970 2185 2073 2244 sed

117 2277 302 2336 etiam
349 2275 530 2355 supra
576 2275 766 2355 ipsum
814 2274 1144 2356 collegium
1176 2277 1507 2355 primatum
1540 2277 1774 2335 habere
1790 2299 1804 2353 3
1853 2288 2073 2334 vertex

118 2366 280 2425 enim
327 2364 445 2425 five
495 2378 680 2444 caput
727 2366 942 2425 dicitur
988 2364 1313 2426 secundum
1361 2366 1734 2425 influentiam
1765 2366 1843 2424 ad
1877 2385 2070 2423 mem-

116 2455 242 2514 bra.
297 2454 616 2514 Influentia
662 2467 871 2514 autem
926 2475 1051 2515 non
1099 2455 1302 2533 potest
1348 2454 1604 2535 intelligi
1653 2455 1751 2514 nisi
1800 2476 1914 2533 per
1961 2455 2071 2513 de-

116 2545 483 2604 rivationem
530 2543 850 2622 potestatis
898 2543 1223 2602 secundum
1272 2565 1458 2623 quam
1506 2544 1779 2622 potestas
1829 2542 2071 2625 collegii

116 2653 154 2693 a
213 2632 521 2712 potestate
584 2633 748 2692 Petri
811 2633 1156 2710 derivetur3
1219 2632 1362 2692 ficut
1422 2631 1697 2711 potestas
1762 2646 1826 2692 et
1888 2634 2072 2714 vigor

117 2723 305 2782 totius
355 2723 634 2801 corporis
686 2743 723 2781 a
771 2723 971 2801 capite
1021 2743 1144 2802 quo
1195 2722 1425 2783 absciso
1475 2723 1839 2801 deperditur
1871 2722 2069 2782 omnis

117 2813 395 2890 corporis
455 2810 743 2890 potestas,
835 2812 929 2870 Ex
988 2811 1204 2891 quibus
1263 2825 1457 2890 patet,
1518 2832 1642 2871 non
1701 2811 1862 2870 bene
1923 2832 2067 2871 con-

115 2899 377 2960 fiderate
427 2901 744 2960 fundatam
786 2900 1423 2978 opinionem-eorum,
1483 2902 1584 2980 qui
1629 2901 1850 2971 dicunt,
1901 2901 2071 2979 quod

116 2987 256 3049 licet
315 2988 633 3050 concilium
693 2990 901 3069 quoad
958 2989 1039 3048 sui
1099 2989 1557 3050 inchoationem
1617 2991 1975 3068 dependeat
2034 3010 2071 3048 a

116 3099 310 3157 papa,
380 3092 589 3138 tamen
647 3076 963 3138 concilium
1022 3078 1374 3138 inchoatum
1434 3077 1803 3139 auctoritate
1862 3099 2069 3157 papae

116 3167 349 3227 habere
397 3167 561 3227 suam
610 3166 1041 3227 auctoritatem
1073 3165 1413 3245 plenariam
1447 3189 1571 3228 non
1606 3168 2070 3246 dependentem

118 3275 155 3314 a
201 3276 383 3335 papa,
432 3258 573 3336 quia
605 3254 784 3328 illam,
833 3269 898 3315 ut
930 3257 1151 3329 dicunt,
1189 3256 1323 3335 jam
1357 3277 1660 3316 evacuare
1695 3276 1818 3315 non
1851 3256 2068 3335 potest.

10 3370 13 3371 ⁷
116 3343 344 3404 Etisti
406 3366 532 3406 non
595 3346 928 3404 advertunt
991 3367 1126 3404 cum
1175 3345 1473 3427 Origene,
1538 3347 1706 3424 quod
1754 3344 2069 3405 causalitas

116 3433 280 3492 Petri
337 3433 514 3512 supra
576 3433 905 3516 collegium
951 3432 1051 3493 vel
1099 3455 1304 3513 papae
1353 3434 1531 3513 supra
1578 3434 1894 3495 concilium
1943 3455 2067 3494 non

123 3520 207 3581 est
257 3521 572 3584 causalitas
621 3523 863 3583 artificis
912 3522 1089 3601 supra
1139 3523 1517 3598 artificatum,
1566 3523 1735 3603 quOd
1785 3545 1908 3584 non
1957 3525 2066 3582 de-
