2352 3808
1078 125 1147 178 73

82 368 86 373 ,
138 308 415 382 vicariuS,
479 305 619 368 licet
680 307 947 366 humana
1009 301 1350 365 rebellione
1413 300 1722 382 depofitus
1784 318 1902 379 pro
1950 298 2091 359 fidei

138 396 475 459 catholicae
508 395 879 470 defenfione,
928 416 965 456 a
997 415 1119 475 qua
1152 391 1470 455 concilium
1502 390 1812 463 deviabat,
1860 389 2091 450 sacrum

136 488 496 566 martyrium
560 486 773 565 capitis
839 484 1310 546 obtruncatione
1374 481 1663 561 suscepit,
1725 491 2089 540 remanente

137 577 262 657 ipso
310 577 555 636 Liberio
617 596 752 634 cum
810 574 900 634 his
960 574 1060 654 qui
1109 594 1250 633 eum
1296 572 1475 652 supra
1519 571 1684 632 Petri
1732 568 2092 630 cathedram

135 667 349 728 sedere
398 666 673 726 fecerant
720 665 778 723 in
827 665 1122 724 damnato
1156 661 1259 722 illo
1293 663 1702 723 Arrianorum
1744 679 1977 733 errore,
2025 671 2092 719 ut

135 756 327 816 refert
374 754 675 814 Martinus
725 754 782 813 in
831 753 932 814 sua
981 753 1279 813 chronica.
1372 753 1437 813 Si
1496 763 1705 812 autem
1753 750 2093 810 adducatur

136 846 298 906 forte
326 843 753 906 Constantinus
778 844 856 917 II.,
891 843 1077 903 etiam
1110 863 1147 902 a
1172 839 1426 902 concilio
1462 841 1789 920 depofituS,
1822 840 2091 913 videant,

136 935 304 1016 quod
351 934 444 994 hic
492 954 617 994 non
666 934 774 993 fuit
823 933 1117 994 canonice
1167 929 1429 1006 elthus,
1488 930 1591 991 sed
1651 930 1969 1008 tyrannica
2029 940 2093 989 et

135 1022 412 1086 violenta
478 1024 786 1084 invafione
845 1035 1146 1102 papatum
1211 1021 1641 1101 usurpaverat,
1711 1032 1778 1080 ut
1836 1020 1894 1079 in
1955 1019 2088 1079 ead.

135 1114 341 1175 chron.
374 1113 636 1174 Martini.
728 1113 809 1173 Et
858 1114 999 1173 ideo
1049 1131 1175 1172 non
1223 1113 1456 1186 mirum,
1504 1110 1543 1170 fi
1592 1130 1717 1171 non
1766 1109 2092 1189 pastorem,

134 1203 238 1264 sed
285 1202 496 1283 lupum
530 1201 629 1263 vel
663 1203 859 1263 furem
892 1204 1185 1284 fugarunt
1218 1223 1255 1262 a
1286 1201 1602 1284 gregibus
1666 1200 1855 1278 Quod
1889 1199 2092 1272 etiam,

133 1293 172 1353 fi
220 1294 299 1353 de
348 1313 515 1354 novo
572 1292 777 1365 fieret,
838 1293 987 1352 esset
1046 1304 1215 1352 certe
1273 1289 1665 1351 laudandum.
1756 1289 1874 1349 Hic
1932 1289 2094 1348 enim

135 1403 260 1444 non
308 1383 545 1464 agimus
594 1383 673 1443 de
722 1379 971 1455 intrufis‚
1021 1382 1162 1462 quia
1211 1401 1290 1442 eo
1340 1378 1506 1442 facsto
1548 1400 1753 1460 papae
1787 1400 1914 1440 non
1945 1378 2093 1453 sunt,

132 1471 236 1533 sed
283 1473 362 1533 de
410 1472 500 1532 his
549 1473 650 1552 qui
698 1492 823 1532 non
871 1492 986 1551 per
1031 1471 1340 1551 posticum,
1387 1470 1492 1531 sed
1538 1491 1654 1550 per
1700 1468 1957 1530 hostium
2004 1469 2091 1529 in-

133 1575 299 1623 trant
347 1560 524 1623 ovile.
616 1562 682 1622 Si
730 1562 1039 1622 adducant
1090 1560 1527 1622 Christoferum
1575 1559 1941 1640 depofitum,
2002 1559 2090 1619 vi-

133 1652 340 1726 deant,
404 1652 574 1732 quod
632 1651 726 1711 hic
789 1652 974 1712 etiam
1039 1672 1163 1712 non
1228 1648 1479 1726 electuS,
1543 1650 1646 1711 sed
1709 1651 2090 1710 incarcerato

133 1762 287 1802 vero
335 1762 504 1821 papa
551 1742 882 1801 temerarie
930 1739 1303 1821 pastoralem
1350 1741 1451 1802 fibi
1499 1742 1742 1823 virgam
1777 1739 2093 1819 assumpsit,

58 1912 61 1914 ‚
136 1844 203 1891 ut
236 1831 294 1890 in
328 1831 462 1891 ead.
496 1830 702 1891 chron.
764 1831 895 1892 Sed
927 1831 1144 1891 adduci
1177 1830 1380 1910 potest
1412 1852 1566 1891 unus
1600 1830 1766 1910 cujus
1801 1826 2092 1908 exemplo

134 1921 382 1982 fortasse
444 1920 565 1980 fine
630 1921 915 1982 evasione
953 1922 1146 1996 ,inniti
1207 1920 1267 1980 se
1331 1922 1604 1994 credant,
1667 1918 1845 1980 videl.
1906 1920 2092 1999 Joan-

135 2031 245 2071 nes
292 2010 433 2083 XII.,
483 2010 585 2090 qui
634 2010 716 2071 ob
763 2008 1057 2071 lubricam
1105 2011 1296 2071 vitam
1345 2024 1408 2071 et
1454 2009 1851 2071 scandalosos
1885 2030 2093 2070 mores
2169 2001 2176 2008 ’

136 2121 174 2161 a
220 2098 475 2160 concilio
510 2099 819 2179 depofitus
854 2099 1097 2182 legitur,
1146 2113 1210 2161 et
1241 2101 1374 2162 Leo
1424 2099 1503 2161 illi
1550 2099 1908 2161 substitutus
1966 2100 2095 2159 Sed

134 2187 378 2272 legant,
439 2190 609 2270 quod
669 2188 832 2250 aliud
890 2190 1149 2271 sequens
1210 2189 1529 2251 concilium
1576 2211 1901 2251 romanum
1947 2187 2095 2249 illud

133 2281 502 2340 Ravennate
551 2277 868 2340 concilium
916 2281 1352 2342 condemnavit
1401 2294 1464 2341 et
1496 2280 1873 2360 reprobavit.
1932 2280 2094 2339 Nam

135 2381 203 2429 ut
264 2369 457 2428 refert
503 2369 859 2429 Vincentius
922 2368 1018 2430 lib.
1066 2371 1266 2431 XXV.
1331 2392 1375 2431 e.
1422 2370 1788 2444 LXXXVI.,
1851 2371 1909 2430 in
1973 2369 2092 2430 hoc

135 2456 312 2518 videl.
370 2477 631 2518 romano
694 2457 947 2519 concilio
1007 2458 1314 2539 publicum
1373 2461 1646 2520 omnium
1693 2460 1925 2540 judicio
1985 2459 2095 2518 fuit

135 2546 438 2620 statutum,
496 2547 793 2625 synodum
841 2569 878 2608 a
924 2548 1141 2610 Leone
1189 2549 1478 2622 habitam,
1527 2552 1585 2610 in
1634 2571 1756 2630 qua
1801 2547 1923 2608 scil.
1972 2547 2094 2629 ipse

134 2637 268 2698 Leo
317 2637 650 2716 assumptus
699 2637 917 2712 fuerat,
962 2639 1202 2717 Joanne
1251 2639 1551 2718 depofitO,
1601 2660 1724 2701 non
1774 2639 2092 2699 nominan-

136 2727 280 2787 dam
326 2726 640 2805 synodum,
689 2726 792 2786 sed
839 2728 1251 2806 prostibulum.
1312 2729 1394 2788 Et
1441 2729 1520 2789 ab
1570 2728 1695 2809 ipso
1729 2729 1947 2788 Leone
1991 2748 2092 2789 or-

137 2817 325 2877 dinati
384 2817 629 2877 fuerant
687 2817 1018 2898 degradati
1065 2816 1165 2878 vel
1214 2819 1564 2879 deordinati
1612 2832 1675 2879 et
1723 2817 1857 2898 jussi
1907 2818 2094 2878 etiam

136 2905 514 2986 praesentari
546 2904 757 2988 finguli
790 2907 846 2983 in
881 2921 1051 2968 carta
1082 2909 1446 2988 scripturam
1479 2909 1662 2969 hanc:
1695 2921 1877 2988 pater
1901 2929 2092 2981 meuS‚

135 2993 255 3056 scil.
301 2996 462 3069 Leo,
524 2996 623 3075 qui
673 3015 785 3055 eos
836 2997 1261 3071 ordinaverat,
1322 2997 1462 3058 nihil
1511 2999 1611 3058 fibi
1658 2998 1886 3071 habuit,
1951 2995 2091 3058 nihil

137 3085 278 3145 mihi
309 3086 496 3158 dedit,
546 3097 610 3146 et
650 3085 821 3145 addit
854 3086 1017 3146 idem
1051 3087 1422 3160 Vincentius,
1472 3089 1642 3168 quod
1690 3087 1838 3148 istud
1884 3086 2091 3147 secun-

138 3173 282 3234 dum
343 3173 660 3235 concilium
731 3176 1198 3255 reassumpserat
1258 3176 1575 3256 Joannem.
1683 3177 1813 3238 Sed
1881 3190 2092 3237 tamen

139 3263 280 3342 quia
337 3264 514 3343 ipfius
574 3264 700 3323 vita
762 3277 897 3324 erat
955 3265 1324 3326 detestabilis
1375 3280 1439 3327 et
1486 3265 1802 3327 christiano
1851 3263 2090 3347 populo

137 3351 511 3427 scandalosa‚
573 3373 697 3414 non
757 3353 858 3414 diu
906 3355 1105 3433 passus
1155 3355 1240 3416 est
1283 3356 1327 3434 J.
1378 3356 1516 3416 Chr.
1564 3354 1753 3418 talem
1801 3357 2091 3417 vicarium

139 3454 203 3502 et
249 3440 557 3521 pastorem
606 3461 761 3503 oves
811 3442 1072 3504 inficere.
1163 3445 1293 3506 Sed
1339 3444 1672 3527 postquam,
1711 3446 2089 3508 concesserat

139 3528 217 3590 illi
266 3543 509 3610 tempus
558 3533 639 3592 ad
685 3532 1151 3611 poenitentiam,
1200 3555 1335 3599 cum
1384 3535 1441 3593 in
1487 3549 1748 3615 peccato
1797 3535 1902 3596 suo
1946 3556 2087 3615 per-
