2352 3808
1173 103 1281 157 104

242 280 408 341 suam
457 279 891 341 auctoritatem
940 294 1003 340 et
1061 279 1533 360 plenitudinem,
1594 298 1659 344 ut
1720 283 1980 362 Cyrillus
2039 287 2195 359 dicit,

243 371 413 451 quod
461 391 586 430 non
636 369 891 431 contulit
940 390 1081 430 eam
1120 370 1438 431 universali
1473 371 1759 433 ecclesiae
1791 372 1891 433 vel
1926 373 2196 436 concilio.

243 460 433 537 Quod
465 460 503 519 fi
544 460 726 531 dicaS‚
776 459 945 538 quod
993 460 1116 518 imo
1167 460 1353 519 etiam
1401 460 1655 522 contulit
1704 461 2008 536 ecclesiae,
2056 464 2198 543 quia

245 547 503 627 Cyrillus
553 548 694 607 dicit
741 547 972 627 postea,
1022 549 1191 628 quod
1239 548 1494 610 contulit
1543 571 1681 611 eam
1726 552 1913 612 Petro
1975 564 2039 611 et
2097 573 2197 622 ec-

243 637 456 698 clefiae
517 636 679 716 ejus:
753 637 918 709 dico,
979 638 1149 717 quod
1207 638 1623 718 principaliter
1681 638 1936 701 contulit
1992 641 2197 714 Petr0‚

244 729 386 808 quia
418 726 606 806 ipsum
638 727 984 805 praeponit.
1076 727 1158 786 Et
1203 727 1278 786 fic
1325 726 1574 788 ecclesia
1622 748 1747 788 non
1796 730 1986 789 habet
2033 730 2197 809 quic-

244 813 430 897 quar’n
478 813 860 876 auctoritatis
909 815 1087 895 supra
1132 816 1396 876 Petrum.
1475 817 1663 894 Quod
1710 818 1748 877 s1
1797 819 1980 890 dicaS‚
2029 819 2199 898 quod
2239 827 2241 829 ’

243 907 368 965 imo
403 903 660 965 contulit
693 903 1053 984 aequaliter,
1103 905 1310 964 habeo
1344 906 1523 978 idem,
1573 908 1714 987 quia
1745 928 1860 986 par
1891 908 1949 966 in
1982 927 2200 986 parem

243 1014 370 1054 non
403 994 595 1055 habet
627 994 978 1072 imperium3
1028 1007 1092 1053 et
1126 1007 1269 1053 tunc
1300 994 1525 1068 habeo,
1574 997 1743 1075 quod
1777 1017 1976 1076 aeque
2009 996 2201 1056 habet

241 1086 460 1144 Petrus
511 1084 569 1142 in
618 1081 929 1142 eccleslam
978 1084 1317 1162 imperium,
1365 1084 1507 1143 ficut
1555 1082 1801 1144 ecclefia
1849 1086 1907 1144 in
1938 1085 2199 1145 Petrum.

243 1174 373 1234 Sed
421 1174 563 1253 quia
610 1172 704 1231 hic
751 1192 876 1232 non
926 1172 1009 1231 est
1056 1173 1297 1232 divinae
1347 1174 1730 1251 operationis
1766 1175 1942 1244 ordo,
1990 1187 2056 1233 ut
2087 1194 2202 1253 per

243 1262 302 1323 se
353 1263 648 1323 ordinatis
697 1261 798 1321 sua
844 1262 1035 1321 virtus
1086 1283 1163 1321 ex
1206 1283 1409 1342 aequo
1456 1263 1843 1336 diffundatur,
1891 1263 1928 1322 fi
1962 1262 2056 1322 hic
2088 1283 2200 1324 no-

243 1353 406 1412 mine
456 1350 742 1411 ecclesiae
789 1351 952 1411 Petri
999 1350 1256 1410 velimus
1306 1349 1617 1411 ecclesiam
1665 1350 2066 1412 universalem
2112 1353 2200 1412 in-

244 1440 548 1523 telligere,
596 1440 671 1499 fic
717 1439 910 1500 debet
957 1438 1212 1522 intelligi
1252 1438 1480 1500 dictum
1514 1439 1758 1518 Cyrillli‚
1807 1442 1977 1521 quod
2022 1438 2202 1500 videl.

245 1529 502 1592 contulit
533 1530 719 1589 Petro
769 1542 834 1589 et
868 1527 1155 1589 ecclesiae
1191 1529 1322 1608 ejus
1355 1551 1469 1608 per
1500 1531 1747 1589 Petrum
1797 1544 1859 1590 et
1907 1543 2202 1610 quantum

243 1621 431 1680 Petro
481 1618 722 1698 placuit,
814 1618 944 1678 Sed
993 1632 1203 1678 tamen
1251 1619 1345 1678 hic
1393 1639 1518 1679 non
1567 1618 1652 1678 est
1698 1617 2042 1679 intellectus
2079 1619 2200 1696 Cy-

245 1708 356 1769 rilli
403 1722 594 1788 utque
644 1708 900 1768 intuenti
947 1708 1291 1786 processum
1323 1729 1367 1766 s,
1401 1707 1686 1768 Thomae
1720 1709 1778 1767 in
1814 1706 1979 1768 dicto
2026 1706 2202 1780 libro,

245 1800 305 1858 in
354 1818 478 1879 quo
529 1798 644 1858 hos
693 1795 990 1859 doctores
1039 1797 1314 1872 adducit3
1370 1795 1473 1856 sed
1519 1818 1635 1876 per
1682 1795 1994 1857 ecclesiam
2039 1796 2203 1857 Petri

247 1886 607 1969 intelligitur
667 1885 916 1946 ecclesia
974 1905 1262 1958 romana,
1322 1886 1380 1945 in
1441 1906 1563 1966 qua
1621 1885 1744 1965 ipse
1801 1885 1973 1946 sedet
2032 1898 2099 1946 et
2142 1878 2238 1944 in

251 1998 374 2058 qua
421 1975 547 2055 ipso
597 1988 845 2036 mortuo
895 1989 1179 2035 remanet
1210 1975 1373 2035 Petri
1414 1972 1749 2035 auftoritas
1798 1973 2205 2048 habitualiter‚

250 2068 454 2128 donec
500 2084 696 2125 novus
744 2063 928 2125 sessor
974 2063 1245 2146 insurgat
1294 2077 1357 2124 et
1405 2068 1496 2123 cui
1543 2065 1749 2125 medio
1783 2077 2071 2143 tempore
2104 2084 2204 2122 ce-

250 2170 427 2216 terae
460 2153 635 2214 sedes
671 2153 929 2214 obedire
964 2166 1270 2227 tenentur,
1319 2153 1462 2213 ficut
1495 2153 1649 2212 infra
1688 2154 1934 2212 dicetur.
2013 2151 2205 2229 Quod

250 2245 290 2305 fi
338 2243 551 2324 aliquis
599 2240 747 2302 velit
779 2244 1017 2314 «dicere,
1066 2243 1236 2323 quod
1283 2242 1437 2302 haec
1483 2242 1732 2321 quidem
1778 2261 1929 2301 vera
1961 2239 2093 2300 sunt
2125 2241 2205 2300 de

251 2356 297 2394 s,
343 2334 548 2404 Petro,
596 2332 699 2391 sed
748 2351 872 2391 non
921 2333 1000 2391 de
1048 2331 1177 2391 aliis
1225 2332 1404 2392 Rom.
1451 2330 1869 2410 pontificibus:
1933 2330 2052 2390 hoc
2099 2350 2205 2389 ex-

254 2420 440 2483 cludit
488 2421 652 2481 idem
698 2442 743 2480 S.
775 2420 1054 2481 Thomas
1103 2422 1132 2480 i.
1182 2442 1226 2480 c.
1274 2419 1450 2500 sequ,
1498 2419 1598 2479 ubi
1645 2420 1718 2480 fic
1766 2419 1935 2479 dicit:
1985 2417 2205 2478 Osten-

254 2513 417 2572 ditur
464 2511 674 2583 etiam,
724 2510 893 2589 quod
939 2511 1154 2569 Petrus
1212 2509 1281 2568 fit
1330 2507 1539 2568 Christi
1598 2509 1856 2568 vicarius
1916 2521 1979 2567 et
2037 2507 2207 2586 quod

252 2602 432 2661 Rom.
481 2599 762 2678 pontifex
807 2599 971 2658 Petri
1029 2598 1320 2658 successor
1377 2596 1442 2657 s1t
1501 2598 1558 2656 in
1619 2598 1842 2656 eadem
1899 2594 2206 2675 potestate

252 2691 440 2751 Petro
505 2709 543 2747 a
606 2687 839 2748 Christo
905 2686 1142 2748 collata.
1251 2686 1413 2745 Dicit
1476 2687 1637 2745 enim
1708 2705 1906 2745 canon
1976 2682 2206 2745 concilii

256 2777 804 2839 Chalcedonensis:
852 2777 917 2837 Si
954 2777 1087 2856 quis
1137 2777 1465 2855 episcopus
1514 2775 1906 2854 praedicatur
1953 2772 2206 2844 infamiS‚

254 2867 514 2928 liberam
561 2866 792 2926 habeat
839 2865 1201 2926 sententiam
1260 2863 1614 2943 appellandi
1675 2863 1752 2923 ad
1780 2933 1782 2935 ‚
1811 2861 2208 2923 beatisslmum

258 2957 622 3036 episcopum
681 2955 969 3035 antiquae
1027 2956 1297 3026 Romae,
1362 2973 1547 3033 quem
1604 2952 1903 3012 habemus
1960 2951 2208 3010 Petrum

256 3058 503 3126 petram
550 3044 770 3124 refugii
818 3056 882 3102 et
929 3043 1030 3122 ipfi
1079 3041 1182 3103 soli
1229 3041 1422 3101 libera
1468 3040 1774 3121 potestate
1821 3038 1962 3099 loco
2011 3038 2110 3098 dei
2141 3037 2210 3097 fit

248 3134 351 3214 jus
399 3133 772 3193 decernendi
831 3133 1105 3211 episcopi
1169 3131 1461 3191 criminati
1519 3130 1827 3190 infamiam
1883 3127 2209 3187 secundum

260 3221 467 3282 claves
516 3242 552 3280 a
600 3222 852 3282 domino
902 3221 957 3280 ei
1005 3218 1278 3281 collatas,
1370 3219 1451 3279 Et
1498 3219 1681 3279 infra:
1731 3229 1794 3277 et
1842 3216 2048 3277 omnia
2094 3214 2207 3275 dif-

262 3309 431 3369 finita
490 3310 567 3369 ab
629 3329 708 3369 eo
768 3322 1099 3370 teneantur
1161 3322 1456 3388 tanquam
1515 3328 1552 3367 a
1607 3306 1834 3366 vicario
1899 3301 2209 3383 apostolici

262 3398 481 3458 throni.
549 3397 703 3480 Item
738 3397 996 3476 Cyrillus
1044 3398 1395 3478 patriarcha
1427 3393 2018 3473 Hierosolymitanus
2067 3392 2210 3452 dicit
2292 3392 2295 3398 '

264 3508 341 3559 ex
387 3486 652 3566 persona
700 3486 908 3547 Christi
955 3485 1246 3566 loquens:
1309 3485 1405 3545 Tu
1454 3506 1588 3544 cum
1634 3483 1754 3544 fine
1803 3495 1867 3541 et
1915 3502 2039 3562 ego
2087 3480 2207 3538 sme
