2352 3808
1095 135 1162 187 79

87 363 91 368 .
155 312 263 374 cilii
322 314 513 373 debet
571 313 767 372 teneri
826 312 1154 384 sententia,
1213 310 1379 389 cujus
1429 309 1737 388 antiquior
1785 322 1849 368 et
1895 310 2106 387 potior

155 415 326 464 extat
385 400 720 462 aucftoritas
779 414 846 460 ut
892 400 925 460 1.
973 401 1047 460 di.
1106 400 1386 460 dominus
1434 397 1654 458 sancffto
1703 398 1731 457 i.
1780 396 1834 457 fi.
1927 398 2106 475 Quae

154 513 307 553 vero
357 491 772 551 invenirentur
818 487 1149 568 praedictis
1185 510 1308 549 non
1343 488 1609 549 consona
1641 485 1740 546 vel
1783 489 2106 561 contraria,

156 581 653 661 improbarentur
699 577 798 638 vel
846 577 1056 638 saltem
1105 580 1184 638 ad
1221 579 1429 638 sanum
1485 575 1862 637 intelle6tum
1924 579 2106 637 redu-

156 684 456 731 cerentur.
549 669 710 746 Quia
759 669 945 728 etiam
992 667 1096 727 ista
1143 667 1458 740 sententia,
1506 666 1684 727 videl.
1726 668 1894 747 quod
1941 688 2110 747 papa

153 760 328 820 subsit
390 756 774 830 correcffioni,
839 759 1026 817 etiam
1088 756 1339 836 poenali
1403 755 1659 830 concilii,
1723 756 1903 836 possit
1965 757 2109 817 sana

155 847 426 930 intelligi,
475 847 594 908 hoc
641 848 833 909 modo
880 845 1166 907 videlicet
1215 847 1383 927 quod
1431 845 1808 927 intelligatur
1848 847 1926 906 de
1961 868 2107 908 con-

155 937 308 1011 cilio,
357 939 447 998 cui
494 959 662 1018 papa
709 937 927 1017 sponte
978 949 1042 996 et
1088 934 1453 1008 voluntarie,
1503 957 1627 997 non
1675 934 1970 996 violentia
2009 936 2108 997 vel

155 1028 414 1110 angaria
485 1027 650 1087 suam
721 1024 1157 1086 auCtoritatem
1227 1025 1583 1105 interposuit
1654 1026 1862 1106 quoad
1932 1027 2108 1105 ipsius

154 1118 530 1198 principium,
579 1117 847 1177 medium
896 1129 960 1176 et
1006 1116 1208 1190 finem,
1257 1117 1400 1196 quia
1443 1128 1600 1189 tune,
1649 1129 1714 1175 ut
1750 1114 1977 1176 distum
2011 1115 2110 1189 est,

155 1205 387 1268 concilii
435 1220 499 1266 et
543 1227 750 1286 papae
799 1227 922 1266 una
970 1207 1054 1266 est
1100 1205 1392 1284 potestaS,
1443 1218 1506 1264 et
1539 1218 1682 1264 tunc
1721 1205 1896 1264 sanus
1931 1205 2108 1266 intel-

155 1295 348 1357 lectus
398 1297 527 1357 erit.
620 1297 809 1374 Quod
858 1294 1177 1357 concilium
1225 1316 1351 1356 non
1398 1308 1587 1374 prout
1636 1293 1944 1355 distinctae
1993 1317 2109 1375 po-

156 1386 384 1447 testatis
433 1407 470 1446 a
516 1385 824 1466 potestate
872 1407 1095 1466 papae,
1143 1384 1246 1445 sed
1293 1399 1361 1445 ut
1408 1385 1690 1463 ejusdem
1723 1406 1799 1444 ex
1833 1406 2109 1446 commu-

156 1477 460 1536 nicatione
513 1475 650 1541 scil.
721 1476 1000 1556 ejusdem
1069 1496 1275 1555 papae
1346 1474 1548 1554 potest
1617 1474 1806 1554 ipsum
1882 1497 2111 1555 papam

157 1567 503 1648 corrigere3
562 1565 636 1626 fic
694 1567 864 1647 quod
910 1587 1080 1646 papa
1127 1579 1376 1626 tenetur
1424 1584 1550 1624 non
1599 1566 1951 1639 necessario,
2009 1566 2112 1626 sed

157 1657 236 1716 de
297 1675 577 1738 congruo
637 1656 1002 1716 sententiam
1060 1654 1159 1716 vel
1207 1676 1482 1735 poenam
1531 1668 1805 1715 taxatam
1852 1655 1952 1715 fibi
1999 1677 2114 1735 per

156 1743 473 1807 concilium
521 1761 879 1825 acceptare3
928 1746 1071 1806 sicut
1119 1746 1305 1806 etiam
1352 1746 1639 1825 princeps
1689 1743 2003 1827 obligatur
2035 1767 2111 1806 ex

158 1836 427 1916 quadam
506 1836 789 1897 decentia
868 1835 1198 1896 observare
1276 1834 1513 1917 legem,
1589 1856 1774 1915 quam
1856 1835 2110 1915 ipsemet

156 1925 373 1999 statuit,
421 1925 602 2004 juxta
659 1925 832 1986 illud:
907 1927 1130 1994 Patere
1189 1924 1400 2007 legem
1460 1946 1645 2006 quam
1704 1924 1914 1985 tuleris
1975 1925 2112 2005 ipse.

157 2013 239 2075 Et
286 2028 429 2074 tunc
474 2017 683 2095 quoad
730 2037 879 2089 rem,
938 2017 1018 2076 ad
1066 2017 1125 2076 id
1172 2017 1357 2089 venit,
1408 2037 1490 2076 ac
1535 2015 1573 2074 fi
1622 2016 1887 2076 dicatur:
1944 2017 2129 2096 quod'

157 2125 326 2185 papa
388 2105 641 2186 cognito
707 2125 920 2166 errore
983 2105 1088 2166 suo
1152 2127 1268 2185 per
1330 2104 1544 2166 oculos
1607 2105 1763 2180 suOS,
1834 2107 1934 2185 qui
1982 2106 2112 2166 sunt

158 2194 463 2274 sapientes
512 2193 766 2268 concilii,
828 2196 1079 2277 corrigit
1125 2194 1391 2274 seipsum.
1482 2195 1564 2255 Et
1611 2196 1685 2255 fic
1733 2196 1918 2256 etiam
1966 2217 2111 2257 con-

161 2285 582 2344 cordabuntur
605 2284 765 2364 jura,
814 2286 852 2345 s1
886 2307 1047 2365 quae
1082 2286 1140 2344 in
1181 2285 1297 2344 hac
1328 2298 1510 2365 parte
1545 2285 1932 2346 inveniuntur
1964 2307 2111 2346 con-

162 2374 366 2449 traria,
431 2387 494 2434 et
557 2373 784 2434 nullum
846 2376 1283 2436 inconveniens
1338 2374 1724 2476 subsequitur,
1788 2376 1887 2435 nisi
1951 2377 2112 2437 forte

162 2464 332 2542 quod
390 2463 569 2543 supra
628 2464 686 2522 in
734 2464 896 2543 pede
955 2464 1323 2545 quaestionis
1373 2466 1431 2525 in
1481 2466 1804 2548 arguendo
1853 2467 2113 2545 positum

163 2551 262 2624 est
309 2552 594 2613 videlicet
641 2555 811 2634 quod
858 2555 958 2615 ubi
1004 2575 1173 2634 papa
1221 2553 1373 2616 nolit
1419 2554 1584 2615 suum
1633 2575 1912 2616 errorem
1961 2577 2111 2639 cog-

139 2661 442 2714 noscere,
470 2630 778 2723 sequetur
822 2643 1160 2723 periculum
1207 2646 1397 2706 totius
1446 2644 1747 2706 ecclesiae.
1809 2647 1912 2706 Ad
1945 2649 2114 2727 quod

162 2728 306 2791 licet
352 2731 622 2811 superius
670 2733 809 2794 satis
857 2734 1207 2813 responsum
1255 2736 1450 2809 fuerit,
1499 2749 1706 2795 tamen
1754 2737 1952 2796 adhuc
2005 2738 2114 2799 ad-

160 2822 530 2881 vertendum
576 2821 683 2897 est,
743 2825 912 2903 quod
958 2838 1147 2904 prout
1195 2825 1335 2885 dicit
1381 2825 1826 2907 Anaxagoras:
1887 2827 1944 2886 in
2000 2827 2110 2887 hu—

160 2911 356 2979 manis
405 2911 938 2981 adinventionibus
988 2914 1128 2975 nihil
1178 2936 1255 2974 ex
1303 2916 1468 2975 omni
1516 2929 1695 2994 parte
1730 2916 1981 2976 beatum
2012 2917 2111 2977 seu

163 2997 507 3079 perfe<5³tum
555 3002 661 3075 est,
721 3003 862 3082 quia
908 3016 974 3064 ut
1021 3005 1236 3064 dicitur
1282 3005 1427 3084 Sap.
1473 3005 1603 3065 IX.:
1665 3005 1934 3066 incertae
1982 3006 2113 3068 sunt

163 3090 592 3168 providentiae
642 3091 911 3153 nostrae:
961 3133 1044 3141 -
1095 3106 1159 3153 et
1217 3094 1359 3154 ideo
1410 3114 1535 3154 non
1583 3094 1786 3172 potest
1832 3095 2112 3177 assignari

165 3177 368 3258 aliqua
435 3179 663 3259 species
733 3183 1044 3264 regiminis
1115 3184 1173 3242 in
1243 3183 1549 3256 humaniS,
1631 3203 1791 3263 quae
1863 3183 2112 3266 aliquod

136 3267 499 3346 periculum
545 3291 851 3331 annexum
899 3291 1023 3332 non
1073 3272 1318 3345 habeat,
1367 3272 1469 3332 sed
1517 3273 1675 3333 inter
1723 3272 1884 3334 mala
1917 3276 2111 3335 minus

167 3354 392 3417 malum
438 3358 795 3440 eligendum
843 3360 940 3420 est.
1031 3362 1188 3421 Sunt
1236 3362 1397 3421 enim
1444 3361 1775 3422 secundum
1810 3363 2110 3426 Aristote-

166 3442 289 3505 lem
336 3459 462 3507 tres
510 3450 823 3531 regiminis
871 3449 1118 3529 species,
1166 3450 1450 3511 videlicet
1497 3452 1853 3527 monarchia
1899 3455 1957 3513 in
1991 3476 2112 3535 qua

165 3555 318 3594 unus
367 3535 724 3599 multitudini
773 3539 1175 3618 principatur3
1222 3539 1644 3602 aristocrachia
1691 3543 1749 3602 in
1782 3564 1905 3623 qua
1936 3545 2111 3623 pauci
