2352 3808
1075 129 1147 182 45

91 361 96 366 .
137 308 302 370 nullo
336 310 668 382 hominum,
709 308 852 387 quia
885 329 1102 368 omnes
1136 308 1418 368 homines
1451 306 1584 367 sunt
1617 307 1789 366 unius
1822 308 2089 389 generiS.

134 399 303 459 Sicut
350 399 388 458 fi
438 417 615 458 error
671 397 1015 456 inveniatur
1073 398 1130 456 in
1179 410 1352 470 motu
1411 397 1588 476 primi
1635 395 1903 469 mobilis,
1964 418 2090 458 non

135 488 214 548 ab
263 487 468 568 aliquo
518 485 778 546 aliorum
827 485 1142 547 mobilium
1190 486 1554 568 corrigetur,
1602 485 1706 545 sed
1753 486 1833 545 ab
1881 485 2108 566 aliquo

135 578 304 658 quod
336 577 402 637 fit
435 587 612 636 extra
643 597 845 656 genus
895 574 1226 648 mobilium,
1275 576 1333 634 in
1367 596 1491 656 quo
1528 596 1653 636 non
1686 574 1865 654 posfit
1914 596 2091 635 error

58 674 60 676 ’
134 667 404 739 inveniri,
464 665 605 724 ficut
654 664 738 724 est
792 665 989 743 prima
1037 664 1213 725 causa
1260 663 1359 725 vel
1417 663 1824 746 intelligentia
1872 665 2089 724 immo-

133 754 267 816 bilis
323 775 584 815 movens
635 754 869 814 orbem.
947 755 1047 814 Sic
1106 755 1308 836 igitur,
1356 754 1394 812 fi
1444 773 1623 814 error
1680 755 1985 814 invenitur
2033 754 2090 812 in

132 844 432 904 sententia
479 864 704 923 papae,
755 864 879 904 non
914 844 992 903 ab
1030 842 1240 923 aliquo
1291 842 1727 904 defectibilium
1759 842 1859 903 vel
1902 845 2090 904 corri-

133 931 407 1015 gibilium
462 933 689 1014 corrigi
737 934 988 1011 poterit,
1049 954 1184 992 cum
1245 953 1558 1012 nunquam
1613 933 1865 993 inferior
1912 932 2092 1012 possit

132 1022 510 1102 superiorem
545 1022 878 1104 corrigere.
950 1023 1318 1104 Corrigetur
1350 1043 1509 1105 ergo
1544 1043 1582 1082 a
1614 1022 1690 1081 D.
1721 1022 1765 1101 J.
1801 1022 1957 1095 Chr„
1991 1020 2090 1081 vel

133 1133 171 1172 a
218 1111 408 1191 seipso
468 1111 740 1171 habente
788 1112 1078 1171 virtutem
1126 1113 1408 1185 rationiS,
1468 1133 1629 1191 quae
1689 1111 1867 1191 supra
1924 1110 2091 1171 suum

133 1199 338 1262 actum
371 1199 603 1260 reflecti
652 1200 869 1279 potest,
919 1222 1105 1281 quam
1138 1222 1263 1262 non
1297 1202 1487 1261 habet
1530 1202 1796 1280 primum
1844 1199 2090 1267 mobile,

132 1289 346 1351 saltem
395 1289 753 1364 formaliter,
802 1291 903 1350 fibi
936 1292 1181 1350 unitam.
1248 1289 1361 1350 Vel
1411 1290 1740 1372 corrigitur
1776 1290 1910 1370 ejus
1958 1289 2090 1349 sen-

134 1381 328 1440 tentia
360 1401 398 1439 a
428 1379 776 1453 successore,
826 1381 927 1460 qui
976 1394 1185 1439 tamen
1219 1380 1278 1439 id
1313 1380 1493 1439 faciet
1542 1401 1667 1440 non
1700 1393 1767 1440 ut
1799 1380 2088 1459 superior.

132 1468 236 1529 sed
270 1482 336 1529 ut
376 1470 557 1543 idem,
605 1470 747 1549 quia
796 1470 971 1529 unius
1019 1468 1340 1548 potestatis
1388 1470 1622 1551 gradus
1673 1469 1757 1529 est
1805 1471 1863 1528 in
1911 1470 2088 1529 utris-

134 1580 270 1639 que.
338 1558 528 1635 Quod
559 1558 597 1617 fi
631 1559 814 1632 dicas,
861 1580 977 1639 par
1011 1559 1067 1618 in
1102 1580 1320 1638 parem
1354 1579 1479 1619 non
1513 1559 1703 1619 habet
1751 1559 2090 1637 imperium,

133 1647 513 1727 respondeO,
573 1649 744 1728 quod
801 1669 916 1727 par
963 1649 1020 1708 in
1079 1670 1297 1728 parem
1346 1670 1471 1709 non
1531 1648 1722 1708 habet
1769 1649 2091 1727 imperium

134 1736 470 1819 ligativum,
529 1736 632 1797 sed
687 1737 848 1797 bene
905 1736 1330 1812 correctivum,
1387 1739 1545 1819 quia,
1605 1752 1670 1798 ut
1718 1739 1859 1798 dicit
1906 1759 2088 1817 prae-

134 1827 362 1887 cedens
423 1820 750 1887 co'nclufio:
810 1828 1085 1887 Vicarius
1147 1849 1271 1888 non
1327 1828 1531 1907 potest
1584 1827 1782 1908 ligare
1838 1826 2090 1906 seipsum

133 1917 254 1976 fine
302 1916 517 1995 injuria
563 1916 959 1996 principaliS,
1000 1918 1290 1997 quamdiu
1338 1916 1468 1977 vult
1522 1917 1712 1996 ipsum
1760 1917 1881 1977 esse
1938 1916 2088 1976 libe-

133 2027 298 2083 rum3
358 2005 561 2086 potest
615 2019 825 2065 tamen
885 2008 1203 2088 corrigere
1262 2006 1530 2086 seipsum.
1624 2007 1913 2083 Quinimo
1970 2006 2090 2067 hoc

133 2094 536 2175 praesumitur
585 2096 704 2155 esse
739 2096 818 2155 de
866 2097 1207 2157 intentione
1255 2096 1621 2175 principaliS,
1671 2098 1771 2176 qui
1820 2117 1943 2156 non
1979 2097 2088 2156 de-

133 2185 241 2245 bet
298 2183 459 2245 velle
519 2185 576 2244 in
636 2183 740 2245 suo
800 2186 1028 2246 vicario
1095 2207 1375 2247 errorem
1438 2207 1838 2265 permanere,
1906 2207 2089 2266 quem

134 2273 332 2354 posuit
378 2288 444 2334 ut
492 2296 740 2334 errores
790 2276 1066 2356 corrigat
1113 2289 1480 2335 ceterorum.
1543 2275 1659 2335 Vel
1708 2274 1912 2355 potest
1958 2276 2088 2343 dici,

136 2364 304 2443 quod
353 2364 471 2424 hoc
519 2384 643 2424 non
693 2364 834 2423 facit
881 2364 1140 2445 sequens
1188 2386 1356 2445 papa
1397 2378 1462 2424 ut
1494 2387 1625 2444 par,
1673 2364 1777 2425 sed
1810 2379 1876 2424 ut
1909 2365 2088 2435 idem,

135 2466 203 2512 ut
234 2451 462 2513 dictum
488 2452 584 2512 est.
631 2452 734 2512 Est
766 2454 953 2513 etiam
985 2454 1141 2514 haec
1173 2453 1473 2515 conclusio
1501 2456 1580 2515 de
1610 2468 1820 2514 mente
1854 2453 2088 2537 glossae

137 2542 166 2601 i.
201 2563 245 2601 e.
303 2542 547 2601 Nemini
578 2542 762 2601 XVII.
796 2565 892 2622 qu.
924 2543 1037 2617 IV.⁷
1087 2564 1245 2623 quae
1295 2545 1451 2617 dicit,
1500 2546 1670 2624 quod
1709 2544 1748 2604 fi
1788 2543 2088 2604 sententia

135 2652 341 2711 papae
390 2630 581 2691 habet
628 2630 968 2703 retractari,
1017 2655 1131 2712 per
1171 2632 1359 2712 ipsum
1392 2631 1490 2692 vel
1524 2626 1920 2693 successorem
1968 2632 2088 2692 fiet.

135 2721 239 2780 Ad
287 2721 449 2780 idem
498 2722 685 2781 etiam
733 2722 875 2781 facit
923 2744 967 2781 e.
1016 2721 1090 2781 fic
1138 2742 1355 2782 omnes
1404 2722 1568 2782 XIX.
1609 2722 1746 2795 dist„
1795 2723 1896 2782 ubi
1944 2722 2086 2782 dici-

136 2823 249 2883 tur,
299 2811 468 2891 quod
517 2809 590 2870 fic
635 2812 910 2890 reputari
957 2812 1150 2872 debet
1195 2811 1481 2872 statutum
1527 2833 1751 2891 papae,
1804 2833 1876 2871 ac
1922 2811 1959 2871 fi
2009 2811 2087 2871 ab

136 2919 247 2960 ore
296 2901 396 2960 dei
443 2897 543 2959 vel
592 2900 646 2959 b.
693 2901 856 2980 Petri
911 2902 1061 2961 esset
1114 2900 1457 2981 prolatum;
1517 2915 1581 2962 et
1629 2923 1673 2961 c.
1720 2901 1784 2961 In
1832 2922 2086 2963 memor.

137 2989 272 3049 ead.
319 2988 468 3063 dist,
529 2989 630 3049 ubi
688 2990 929 3063 dicitur,
989 2991 1158 3071 quod
1217 2989 1678 3071 adimplendum
1737 2990 1822 3050 est
1878 3011 2086 3070 papae

137 3079 511 3152 mandatum,
559 3079 745 3139 etiam
778 3079 815 3139 fi
847 3080 947 3139 vix
978 3080 1262 3141 videatur
1295 3081 1646 3157 ferendum3
1696 3095 1759 3140 et
1792 3102 1837 3139 c.
1868 3081 2086 3141 Petrus

137 3166 199 3228 II.
245 3189 342 3248 qu.
375 3167 493 3229 VII.
540 3182 605 3229 et
652 3189 697 3229 c.
731 3169 1078 3241 MandastiS,
1127 3183 1191 3229 et
1239 3191 1283 3228 e.
1331 3171 1604 3230 auditum
1636 3170 1696 3229 ΙΙ.
1729 3192 1825 3250 qu.
1858 3170 1927 3228 V.
1991 3169 2087 3230 Ex

139 3256 354 3336 quibus
402 3257 681 3328 habetur,
730 3258 900 3338 quod
946 3279 1115 3338 papa
1148 3278 1273 3318 non
1314 3257 1682 3329 necessitate,
1730 3258 1833 3357 sed
1864 3257 2084 3319 volun-

32 3411 38 3416 ,
139 3358 270 3406 tate
316 3347 395 3407 de
445 3345 706 3429 objectis
754 3346 811 3407 se
861 3348 1203 3409 criminibus
1251 3362 1497 3430 purgat.
