2352 3808
1031 154 1099 207 31

75 337 314 396 -minum
361 355 607 415 papam.
685 334 875 410 Quod
924 333 1111 392 etiam
1162 330 1560 390 confirmatur
1606 350 1721 409 per
1769 350 1897 388 can.
1945 329 2045 388 IX.

88 447 183 505 qu.
242 424 328 484 ΙΙΙ.
387 445 431 484 c.
492 421 756 494 Cuncta,
816 422 917 482 ubi
977 421 1218 492 dicitur,
1283 421 1453 500 quod
1511 439 1669 499 quos
1726 416 2046 479 concilium

87 515 357 587 damnat,
405 533 572 593 papa
606 511 784 592 possit
833 509 1169 581 absolvere,
1218 510 1388 589 quod
1437 528 1831 589 nequaquam
1880 508 2045 573 esset,

86 603 124 662 fi
158 601 492 664 auctoritas
539 622 746 680 papae
797 620 922 660 non
956 601 1106 660 esset
1152 598 1428 678 superior
1476 598 1848 659 auctoritate
1897 617 2044 657 con-

88 691 215 766 essii,
264 705 329 752 et
360 713 474 771 per
507 690 887 771 consequens
924 688 1000 748 illi
1034 710 1159 749 non
1207 688 1456 747 subdita.
1518 688 1636 747 Per
1668 688 1826 747 hunc
1859 687 2046 747 etiam

87 782 338 843 modum
387 778 854 863 intelligendum
904 779 1013 851 est,
1061 778 1239 837 ficubi
1288 778 1606 851 invenitur,
1656 777 1827 857 quod
1877 776 2044 837 Con-

86 871 374 931 stantinus
422 869 522 929 vel
571 868 670 929 alii
719 870 1132 949 imperatores
1181 865 1527 939 voluerunt,
1577 868 1749 947 quod
1798 865 2046 926 ecclesia

87 981 236 1022 rom.
284 959 547 1020 haberet
594 959 1002 1039 principatum
1050 957 1228 1036 super
1277 978 1495 1017 omnes
1545 956 1841 1016 ecclefiaS.
1905 956 2046 1015 Hoc

87 1051 248 1110 enim
286 1048 389 1128 jus
445 1049 546 1129 ipfi
596 1049 846 1109 tradere
907 1068 1031 1108 non
1080 1060 1445 1126 potuerunt,
1505 1067 1640 1105 cum
1700 1045 1880 1124 super
1926 1045 2047 1105 hoc

85 1136 313 1199 nullam
372 1138 807 1200 auftoritatem
856 1137 1231 1204 habuerunt,
1292 1135 1395 1195 sed
1451 1135 1861 1217 significarunt
1908 1133 2043 1194 sub-

86 1229 225 1288 ditis
268 1227 400 1288 'suis
460 1242 523 1288 et
584 1228 1065 1297 mandaverunt,
1130 1226 1166 1284 fi
1228 1225 1327 1305 qui
1388 1226 1550 1285 forte
1616 1226 1694 1284 de
1760 1223 1925 1285 facto
1986 1223 2045 1282 id

86 1317 462 1399 cognoscere
514 1317 766 1391 nollent,
815 1316 985 1397 quod
1033 1316 1112 1375 de
1152 1315 1294 1393 jure
1345 1313 1844 1396 cognoscendum
1893 1326 2044 1373 erat.

86 1407 329 1468 Eodem
364 1408 552 1467 etiam
586 1408 776 1468 modo
812 1405 1181 1485 capiendum
1215 1404 1314 1476 est,
1365 1405 1533 1484 quod
1582 1402 1826 1486 legitur,
1878 1404 2042 1463 Con-

85 1496 406 1556 stantinum
455 1495 554 1556 vel
604 1495 758 1556 alios
807 1496 1114 1575 principes
1164 1495 1392 1554 dedisse
1430 1495 1698 1554 Romam
1746 1491 1845 1552 vel
1895 1491 2044 1553 alias

86 1600 286 1646 terras
336 1585 640 1660 ecclesiae,
689 1587 898 1666 potius
947 1585 1108 1644 enim
1158 1584 1266 1643 fuit
1316 1583 1493 1643 cesfio
1536 1604 1722 1663 quam
1771 1583 2044 1642 donatio,

86 1676 150 1736 Id
210 1676 371 1736 enim
429 1677 668 1736 donare
727 1675 942 1743 dicitur
1001 1674 1132 1754 quis
1193 1673 1363 1753 quod
1423 1673 1502 1732 de
1551 1672 1692 1751 jure
1752 1671 2044 1752 possidet3

87 1767 311 1826 cedere
345 1778 554 1825 autem
589 1764 668 1825 illi
700 1764 917 1845 potest,
952 1764 1121 1845 quod
1154 1764 1233 1824 de
1269 1762 1435 1822 facto
1472 1776 1659 1822 tenet.
1698 1763 1801 1841 jus
1837 1775 2045 1821 autem

87 1868 151 1916 et
197 1856 553 1936 proprietas
601 1855 850 1916 dominii
899 1853 1153 1914 universi
1202 1853 1367 1912 orbis
1402 1873 1598 1931 penes
1634 1874 1773 1912 eum
1807 1851 2044 1919 residet,

86 1945 187 2026 qui
220 1944 306 2005 est
347 1944 726 2027 rex‘regum
768 1954 839 2003 'et
886 1943 1172 2003 dominus
1221 1942 1698 2018 dominantium3
1748 1940 1915 2020 cujus
1962 1939 2047 2000 est

68 2048 253 2095 terra
299 2048 364 2096 et
422 2032 739 2114 plenitudo
791 2033 953 2112 ejus3
1014 2046 1077 2092 et
1135 2052 1332 2111 penes
1382 2030 1563 2104 illum,
1623 2052 1808 2111 quem
1867 2029 2045 2109 supra

85 2125 302 2185 orbem
363 2137 426 2184 et
474 2137 720 2204 partem
779 2124 955 2203 ipfius
1005 2122 1107 2201 jus
1168 2123 1318 2181 dare
1367 2120 1648 2181 voluerit.
1727 2121 1886 2180 Hinc
1944 2119 2043 2189 est,

86 2215 255 2295 quod
302 2227 470 2274 terra
514 2213 918 2293 promissionis
958 2211 1217 2291 juridice
1267 2211 1375 2270 fuit
1416 2232 1453 2270 a
1500 2208 1738 2290 populo
1782 2224 1845 2269 et
1878 2209 2043 2291 regi-

86 2305 199 2363 bus
232 2302 409 2364 Israel
458 2303 734 2383 possessa,
783 2303 924 2383 quia
972 2300 1081 2361 illis
1129 2299 1370 2380 speciali
1404 2301 1609 2360 divina
1658 2298 2042 2359 concessione

87 2393 395 2471 commissa
441 2406 506 2453 et
552 2393 870 2471 deputata.
949 2391 1158 2451 Ceteri
1211 2403 1430 2450 autem
1484 2411 1673 2472 reges
1708 2388 1834 2448 *illo
1885 2401 2042 2448 tem-

87 2502 244 2562 pore
306 2482 512 2561 potius
575 2482 654 2541 de
719 2479 913 2554 fac'to,
978 2501 1162 2561 quam
1225 2480 1304 2539 de
1358 2479 1500 2558 jure
1565 2478 2045 2540 dominabantur

87 2569 333 2652 reliquis
381 2571 659 2651 partibus
710 2571 891 2631 orbis,
962 2569 1359 2629 Adveniente
1409 2582 1618 2628 autem
1666 2567 1788 2628 filio
1838 2567 1938 2627 dei
1986 2568 2043 2626 in

87 2680 334 2722 carnem
384 2679 570 2721 omne
629 2661 963 2720 dominium
1024 2659 1189 2721 orbis
1239 2659 1318 2717 ad
1367 2657 1553 2737 ipsum
1613 2657 1692 2717 de
1742 2656 1884 2736 jure
1933 2657 2042 2716 de-

88 2749 364 2811 volutum
422 2749 533 2823 est,
591 2763 658 2810 ut
702 2750 918 2828 Joann.
966 2771 1055 2828 pr.
1114 2748 1358 2808 dicitur:
1419 2747 1479 2806 In
1542 2747 1798 2826 propria
1856 2746 2042 2813 venit,

86 2837 369 2900 videlicet
417 2852 711 2921 tanquam
766 2838 947 2912 filius,
1007 2838 1108 2898 sed
1156 2837 1237 2897 sui
1285 2858 1425 2896 eum
1474 2857 1599 2897 non
1655 2849 2042 2916 receperunt,

87 2948 244 3011 quos
305 2928 553 3009 quidem
609 2927 900 3007 subjicere
960 2940 1213 3007 poterat
1262 2925 1611 2999 coactione,
1671 2925 1774 2985 sed
1833 2924 2042 2985 maluit

87 3019 337 3079 trahere
386 3019 750 3090 devocione,
803 3031 869 3077 ut
917 3035 1043 3076 non
1092 3016 1253 3096 quasl
1304 3030 1601 3094 tyrannus
1650 3015 1890 3088 timore,
1939 3014 2041 3074 sed

87 3130 269 3169 veru-s
328 3129 439 3168 rex
496 3126 710 3168 amore
770 3119 1082 3188 regnaret.
1162 3105 1350 3183 Quod
1407 3125 1445 3164 a
1502 3105 1798 3164 Zacharia
1857 3125 2040 3183 prae-

89 3195 312 3257 dictum
360 3198 590 3258 fuerat:
648 3197 810 3256 Ecce
859 3217 969 3256 rex
1017 3209 1154 3255 tuus
1203 3194 1371 3254 venit
1419 3194 1525 3254 tibi
1582 3191 1928 3254 mansuetus
1978 3206 2043 3254 et

90 3284 212 3366 ipse
258 3305 513 3367 pau-per,
560 3286 887 3358 Zach.1X.,
937 3298 1000 3345 et
1048 3285 1234 3345 etiam
1267 3305 1305 3343 a
1335 3282 1574 3344 Sibilla:
1623 3283 1784 3353 Non,
1833 3283 2040 3364 inquit,

90 3376 148 3435 in
191 3373 404 3455 gladio
449 3374 698 3437 bellove
739 3375 1110 3434 Aeneadum
1153 3373 1338 3433 urbes
1387 3393 1699 3454 regesque
1748 3372 2040 3453 subjiciet3

88 3463 192 3526 sed
241 3464 299 3523 ln
346 3465 530 3525 hamo
579 3463 877 3545 piscantis,
927 3464 984 3523 in
1032 3461 1384 3542 deje6³cione
1420 3475 1484 3522 et
1515 3462 1815 3541 pauperie
1863 3462 2039 3542 supe-

90 3553 250 3614 rabit
297 3553 564 3629 divitias,
623 3555 686 3614 et
734 3553 1077 3632 superbiam
1125 3550 1518 3615 conculcabit.
1594 3552 1659 3612 Si
1708 3552 1808 3632 qui
1856 3552 2041 3633 igitur
