2352 3808
1040 142 1102 194 17

74 321 270 384 ,causa
328 333 394 382 et
453 320 822 402 quaestione.
914 321 1068 380 Item
1127 318 1500 380 auctoritate
1547 319 1929 396 Hieronymi,
1989 332 2054 379 et

95 411 359 472 habetur
406 411 465 470 in
513 432 558 470 c.
590 410 746 470 haec
794 408 879 469 est
925 409 1079 469 fides
1113 408 1337 468 XXIV.
1371 430 1466 488 qu.
1503 408 1718 487 prima,
1767 408 1869 467 ubi
1901 407 2052 468 Hie-

95 522 390 579 ronymus
437 498 706 580 loquitur
752 519 959 578 papae
1004 498 1331 558 secundum
1377 496 1580 579 gloss:
1628 497 1784 557 haec
1817 496 1916 570 est,
1965 496 2053 556 in-

96 591 248 671 quit,
297 589 474 662 fides,
522 602 707 668 pater
753 587 1103 661 beatissime,
1156 608 1341 668 quam
1389 587 1447 646 in
1496 585 1800 648 catholica
1847 585 2054 646 didici-

96 702 230 740 mus
289 677 537 740 ecclefia
595 698 905 758 quamque
963 676 1205 757 semper
1264 677 1596 750 tenuimu5‚
1655 677 1714 736 in
1775 695 1962 756 quam
2017 674 2055 735 s1

96 770 291 830 minus
349 768 550 848 perite
609 781 717 827 aut
774 788 995 847 parum
1054 780 1230 827 caute
1292 767 1454 827 forte
1514 765 1739 847 aliquid
1796 765 2058 845 positum

98 858 208 932 est,
257 857 575 918 emendari
625 857 897 936 cupimus
947 878 985 916 a
1033 869 1094 916 te
1144 857 1245 937 qui
1290 857 1455 916 Petri
1502 855 1688 915 fidem
1737 869 1801 915 et
1848 854 2058 915 sedem

97 962 290 1010 teneS.
381 947 461 1008 Si*
496 959 705 1006 autern
752 947 906 1007 haec
954 945 1158 1006 nostra
1205 944 1492 1007 confesfio
1543 943 1924 1024 apostolatus
1974 943 2058 1004 tui

87 1037 316 1116 judicio
377 1036 846 1116 comprobatur,
906 1036 1249 1117 quicunque
1310 1033 1560 1115 culpare
1621 1055 1720 1096 me
1775 1032 2060 1106 voluerit,

96 1125 155 1187 se
189 1126 537 1206 imperitum
570 1124 668 1186 vel
705 1124 1081 1186 malevolum
1113 1124 1212 1186 vel
1263 1126 1449 1185 etiam
1498 1142 1624 1184 non
1674 1121 2059 1197 catholicum,

97 1214 200 1277 sed
259 1216 636 1277 haereticum
696 1215 1144 1296 comprobabit.
1237 1215 1416 1275 Haec
1475 1212 1587 1275 ille.
1686 1213 1783 1275 Ex
1841 1212 2059 1294 quibus

98 1319 291 1386 patet,
340 1306 509 1387 quod
547 1305 840 1385 judicium
888 1306 967 1365 de
1016 1304 1137 1365 fide
1186 1323 1311 1364 non
1345 1305 1426 1364 ad
1460 1302 1795 1377 concilium,
1843 1302 1948 1363 sed
1981 1303 2061 1362 ad

98 1416 328 1476 papam
360 1396 415 1456 b.
449 1395 869 1472 Hieronymus
918 1394 1126 1463 refert,
1176 1408 1240 1454 et
1288 1395 1458 1475 quod
1506 1415 1712 1474 papae
1761 1392 2063 1454 sententia

98 1485 549 1565 praeponenda
608 1484 693 1545 est
749 1483 1088 1545 sententiae
1138 1483 1566 1564 cujuscunque.
1661 1483 1818 1544 Cum
1877 1483 2062 1564 igitur

101 1575 303 1635 eidem
352 1593 478 1635 non
526 1574 872 1648 conveniat,
922 1575 1044 1635 esse
1092 1573 1234 1636 fidei
1273 1573 1545 1654 judicem
1579 1587 1643 1634 et
1687 1574 1766 1633 de
1799 1571 1922 1632 fide
1960 1571 2061 1651 ju-

99 1665 302 1739 dicari,
349 1663 632 1745 sequitur,
681 1665 851 1745 quod
899 1685 1068 1744 papa
1101 1664 1289 1724 etiam
1322 1664 1401 1723 de
1436 1662 1557 1724 fide
1591 1664 1671 1723 de
1706 1683 1829 1744 qua
1862 1662 2063 1744 magis

99 1755 342 1815 videtur
382 1775 420 1814 a
470 1754 713 1814 nemine
753 1753 1077 1834 judicatur.
1140 1754 1244 1813 Ad
1293 1752 1830 1813 confirmationem
1877 1752 2065 1812 etiam

103 1843 499 1904 conclusionis
560 1844 730 1917 facit,
790 1844 960 1924 quod
1018 1843 1215 1903 scribit
1272 1843 1650 1924 Augustinus
1711 1843 1769 1901 in
1829 1840 1926 1902 lib.
1985 1841 2064 1901 de

104 1931 384 1997 confli8m
432 1933 717 1994 vitiorum
765 1946 956 2013 atque
1003 1933 1311 2007 virtutum,
1361 1933 1462 1992 ubi
1502 1933 1561 1991 in
1595 1930 1862 2012 persona
1909 1949 2064 2011 quo-

103 2024 385 2096 rundam,
445 2023 546 2103 qui
592 2022 788 2083 statim
835 2038 901 2082 ut
950 2043 1074 2083 non
1122 2022 1355 2083 habent
1407 2021 1757 2102 praelatum
1805 2021 1886 2080 ad
1932 2018 2101 2101 pla-¹

105 2114 287 2175 citum
343 2111 510 2173 suum
566 2111 929 2186 correctum,
989 2112 1178 2191 ipsum
1237 2111 1571 2191 despiciunt
1619 2124 1683 2172 et
1732 2110 1863 2190 ejus
1914 2110 2067 2171 obe-

105 2203 398 2265 dientiam
454 2201 558 2262 sub
617 2200 815 2281 specie
884 2200 1242 2275 sanctitatis,
1310 2222 1498 2281 quam
1554 2199 1929 2282 Augustinus
1990 2200 2069 2259 ibi

107 2305 532 2372 contemptum
564 2304 766 2363 vocat,
813 2290 1278 2373 subterfugiunt,
1327 2291 1400 2351 sie
1433 2289 1733 2371 loquitur:
1783 2288 1937 2366 Quis
1986 2302 2069 2361 tu,

109 2397 175 2442 ut
221 2380 536 2462 pejoribus
597 2381 1018 2460 obtemperes,
1078 2380 1492 2442 deterioribus
1554 2377 1914 2440 famulatum
1963 2399 2069 2438 ex-

110 2470 358 2537 hibeas?
418 2483 480 2530 te
529 2470 728 2551 magis
787 2491 972 2550 quam
1031 2468 1167 2531 illos
1227 2471 1537 2550 imperare
1597 2470 1910 2542 decuerat,
1970 2468 2072 2547 qui

112 2561 216 2621 tibi
265 2580 390 2622 non
436 2559 681 2639 possunt
728 2559 977 2641 ingenio
1027 2558 1127 2619 vel
1176 2559 1461 2619 industria
1507 2558 1875 2638 coaequari?
1936 2557 2070 2617 Ob-

113 2663 396 2730 tempera
444 2669 602 2731 ergo
663 2649 863 2730 magis
923 2648 1154 2709 domini
1214 2647 1491 2727 imperio,
1551 2660 1615 2707 et
1665 2667 1791 2708 non
1850 2646 1918 2706 fit
1964 2645 2072 2705 tibi

114 2760 258 2800 cura
305 2738 383 2811 de
434 2737 656 2819 aliquo,
726 2737 963 2815 Quibus
1012 2737 1135 2817 ipse
1186 2737 1446 2799 obvians
1480 2737 1538 2796 in
1571 2735 1838 2815 persona
1883 2755 2073 2795 verae

114 2826 464 2889 humilitatis
524 2827 887 2906 respondet:
950 2827 1017 2888 Si
1076 2827 1306 2887 domini
1366 2826 1450 2888 est
1509 2825 2076 2904 obtemperandum

117 2917 374 2998 imperio
424 2917 696 2977 humano
730 2915 898 2986 subdi
933 2917 1172 2977 necesse
1207 2916 1292 2977 est
1323 2914 1689 2997 magisterio.
1750 2912 1880 2993 Ipse
1915 2914 2077 2974 enim

117 3007 286 3068 dicit:
347 3006 467 3084 Qui
514 3025 630 3066 vos
678 3005 932 3085 spernit,
991 3027 1091 3066 me
1147 3004 1402 3084 spernit,
1463 3018 1527 3065 et
1575 3003 1676 3084 qui
1723 3024 1840 3064 vos
1888 3003 2077 3071 audit,

119 3117 219 3158 me
251 3097 434 3156 audit.
492 3096 599 3168 Ita,
633 3095 846 3175 inquiS,
881 3107 1154 3174 oportet,
1187 3095 1225 3154 s1
1260 3092 1413 3166 talis,
1449 3093 1549 3174 qui
1583 3094 1864 3172 imperat,
1912 3092 2079 3165 esset,

120 3184 224 3245 sed
271 3203 396 3246 non
445 3185 530 3245 est
577 3184 732 3258 talis,
780 3205 895 3264 per
942 3205 1129 3265 quem
1176 3184 1330 3245 deus
1378 3184 1658 3262 imperat.
1720 3181 1851 3243 Sed
1897 3180 2078 3261 Apo-

111 3271 305 3335 stolus
353 3288 596 3337 contra:
646 3275 792 3334 Non
826 3273 911 3333 est
957 3273 1230 3353 potestas
1272 3272 1370 3335 nifi
1413 3293 1450 3332 a
1482 3273 1624 3344 deO,
1673 3290 1834 3351 quae
1868 3284 2079 3332 autem

124 3384 162 3423 a
207 3363 330 3423 deo
378 3363 524 3435 sunt,
574 3363 860 3424 ordinata
907 3362 1068 3440 sunt3
1117 3363 1323 3443 itaque
1373 3361 1473 3442 qui
1521 3359 1810 3440 potestati
1857 3359 2080 3433 resistit,

125 3451 225 3512 dei
273 3453 640 3514 ordinationi
688 3452 907 3513 resistit.
985 3451 1219 3529 Quales
1269 3451 1432 3512 enim
1480 3450 1600 3510 esse
1659 3448 1934 3526 debeant
1979 3449 2081 3528 qui

127 3541 450 3621 imperant,
505 3542 763 3603 nonest
810 3562 846 3600 a
894 3539 1140 3601 subditis
1187 3540 1649 3601 discutiendum.
1739 3538 1920 3599 Haec
1968 3536 2082 3597 ille.

162 3664 165 3668 .
213 3646 515 3685 'ruri-eorummet.
1700 3644 1725 3681 2
