2352 3808
1194 149 1264 203 38

252 330 603 389 Secundum
643 342 836 408 patet,
886 329 1029 408 quia
1060 326 1382 407 plenitudo
1429 328 1749 408 potestatis
1784 347 1910 389 non
1943 328 2029 391 est
2060 351 2205 391 cau-¹

251 416 453 478 saliter
509 432 572 478 et
626 416 889 477 finaliter
948 431 1211 496 propter
1268 438 1524 496 papam
1583 418 1686 478 sed
1745 439 1912 498 papa
1960 431 2023 479 et
2070 419 2202 498 ejus

251 507 525 587 potestas
575 520 839 586 propter
898 505 1210 566 ecclefiam
1259 519 1323 565 et
1372 508 1451 566 ad
1499 528 1638 566 eam
1695 508 2016 568 ordinatur
2061 507 2203 569 ficut

252 597 333 657 ad
379 597 564 656 finem
612 597 642 655 i
692 617 743 655 e.
791 596 871 655 ad
920 595 1051 673 ejus
1102 594 1619 669 aedificationem,
1680 598 1820 676 quia
1878 595 2203 657 secundum

251 685 614 746 sententiam
647 683 930 763 Apostoli
978 685 1038 743 II.
1078 684 1217 743 Cor.
1250 685 1325 744 X.
1375 697 1438 743 et
1485 684 1587 744 ult.
1635 707 1679 745 c.
1727 686 1884 745 hanc
1930 684 2202 765 potesta-

253 788 397 835 tem·
429 775 598 834 dedit
647 774 931 834 dominus
974 775 1031 832 in
1070 772 1563 833 aedificationem
1613 772 1915 847 ecclesiae,
1965 788 2029 834 et
2077 793 2202 835 non

253 865 310 923 in
343 861 832 923 destmfffionem.
897 863 1178 922 Tertium
1211 876 1389 940 patet
1423 884 1499 922 ex
1533 864 1760 923 eodem
1792 865 1989 924 verbo
2023 864 2201 943 Apo-

251 951 398 1023 stoli,
460 953 601 1032 quia
647 952 685 1011 fi
734 972 900 1032 papa
947 964 1228 1011 uteretur
1285 951 1400 1011 hac
1446 951 1754 1030 potestate
1803 954 1882 1012 ad
1937 952 2201 1013 destruc-

252 1042 484 1101 tionem
544 1040 849 1111 ecclefiae,
908 1038 1209 1122 generale
1267 1040 1585 1101 concilium
1644 1042 1793 1101 esset
1853 1041 2202 1122 exemplum

251 1129 349 1189 vel
397 1129 703 1210 speculum
752 1128 978 1189 dictam
1027 1129 1339 1189 ecclefiam
1396 1129 1795 1190 universalem
1842 1130 2201 1210 repraesen-

252 1234 389 1278 tans
425 1233 487 1278 et
521 1219 652 1297 ejus
689 1220 820 1278 vice
871 1233 935 1279 et
983 1220 1230 1280 nomine
1281 1218 1498 1278 abusus
1546 1219 1892 1298 hujusmodi
1938 1219 2201 1299 plenitu-

251 1309 403 1368 dinis
451 1307 771 1387 potestatis
822 1329 1135 1381 coercenS‚
1183 1307 1476 1389 regulans
1526 1322 1590 1368 et
1637 1309 1924 1390 dirigens,
1982 1309 2111 1369 Sed
2143 1309 2202 1368 in

250 1398 339 1456 his
389 1395 561 1457 dictis
622 1399 1037 1479 repugnantia
1097 1397 1410 1457 manifesta
1459 1411 1741 1477 apparet,
1802 1420 1988 1477 quum
2045 1398 2084 1458 fi
2143 1398 2200 1458 in

251 1507 417 1565 papa
452 1486 535 1545 est
565 1485 847 1565 suprema
890 1486 1165 1565 potestas
1200 1500 1263 1546 et
1296 1485 1618 1565 plenitudo
1666 1486 2004 1566 potestatis,
2053 1507 2198 1547 con-

250 1575 575 1655 sequenter
631 1596 755 1635 non
814 1576 1017 1655 potest
1071 1576 1191 1635 esse
1251 1597 1453 1655 neque
1502 1577 1560 1635 in
1609 1575 1864 1636 concilio
1919 1573 2200 1657 generali

251 1685 453 1744 neque
488 1666 544 1723 in
591 1663 796 1744 aliquo
846 1663 985 1737 alio,
1034 1665 1108 1724 fic
1141 1666 1310 1744 quod
1357 1686 1523 1744 papa
1571 1663 1751 1744 posfit
1797 1665 2070 1731 coerceri
2100 1662 2199 1725 vel

253 1753 383 1832 ejus
432 1753 704 1832 potestas
763 1755 1102 1814 refraenari
1149 1754 1249 1814 seu
1309 1752 1579 1836 regulari
1626 1754 1705 1813 ab
1752 1753 1878 1833 ipso
1929 1751 2200 1814 concilio.

250 1842 424 1901 Tunc
458 1843 618 1901 enim
665 1863 871 1921 papae
920 1843 1192 1921 potestas
1242 1843 1493 1904 inferior
1533 1844 1683 1902 esset
1714 1842 2019 1922 potestate
2053 1863 2200 1904 con-

253 1930 362 1990 cilii
412 1945 475 1991 et
523 1931 972 2010 consequenter
1019 1952 1143 1991 non
1197 1931 1384 2011 plena
1431 1953 1634 2012 neque
1692 1931 2001 2010 suprema,
2060 1932 2202 2012 quia

251 2025 494 2080 coercio
556 2034 619 2079 et
677 2021 1054 2080 refraenatio
1121 2021 1221 2080 seu
1289 2020 1597 2102 regulatio
1656 2020 2075 2104 majoritatem
2137 2034 2202 2081 et

249 2107 737 2186 superioritatem
785 2111 1123 2188 important
1171 2108 1450 2189 respecftu
1500 2109 1631 2188 ejus
1681 2110 1781 2189 qui
1827 2109 1902 2169 fic
1949 2129 2198 2171 coerce-

250 2210 362 2269 tur,
396 2198 786 2257 refraenatur
818 2198 916 2258 seu
950 2198 1285 2280 regulatur.
1332 2200 1513 2259 Unde
1547 2198 1871 2258 dicendum
1896 2198 1995 2273 est,
2028 2199 2197 2278 quod

248 2287 501 2364 proprie
550 2285 868 2366 loquendo
904 2288 961 2346 in
994 2286 1121 2347 solo
1163 2308 1330 2367 papa
1364 2288 1447 2348 est
1479 2287 1828 2366 hujusmodi
1875 2286 2196 2366 plenitudo

247 2374 566 2452 potestatis
617 2388 679 2435 et
737 2375 1018 2454 suprema
1076 2375 1367 2454 potestaS‚
1427 2377 1568 2456 quia
1627 2390 1769 2436 tunc
1823 2376 2009 2454 plena
2066 2377 2196 2436 uni-

246 2462 491 2523 versalis
526 2477 589 2523 et
620 2463 902 2543 suprema
948 2465 1219 2543 potestas
1268 2466 1523 2544 proprie
1572 2466 1785 2524 dicitur
1833 2466 1953 2525 esse
1997 2466 2055 2524 in
2089 2463 2195 2525 ali-

247 2571 389 2631 (με),
449 2554 698 2632 quando
746 2554 948 2632 potest
996 2552 1158 2613 illam
1204 2552 1586 2635 generaliter
1634 2575 1926 2614 exercere
1975 2567 2039 2614 et
2086 2554 2194 2613 mi-

247 2639 625 2701 nisterialiter
682 2643 740 2701 in
801 2663 1019 2702 omnes
1078 2642 1436 2721 dispensare.
1506 2643 1684 2701 Haec
1742 2656 1950 2702 autem
2005 2641 2090 2702 est
2135 2643 2194 2701 in

244 2727 371 2810 solo
427 2751 594 2809 papa
642 2743 705 2791 et
753 2751 878 2791 non
927 2731 985 2790 in
1035 2730 1247 2810 aliqua·
1293 2733 1731 2792 communitate
1779 2730 1878 2791 vel
1928 2751 2193 2812 congre-

243 2819 518 2899 gatione,
568 2820 709 2898 quia
755 2818 1081 2880 secundum
1128 2819 1335 2899 philos.
1369 2818 1646 2880 astiones
1679 2819 1810 2879 sunt
1855 2814 2191 2899 suppofito-

245 2927 391 2966 rum.
450 2908 629 2967 Unde
663 2908 935 2987 potestas
977 2907 1263 2969 ecclefiae
1298 2910 1381 2969 ita
1414 2910 1522 2969 fuit
1569 2909 1717 2969 data
1748 2930 1863 2988 per
1898 2908 2191 2968 Christum

245 2996 492 3074 corpori
551 2996 775 3056 mistico
837 2995 1124 3058 ecclefiae
1184 2996 1510 3071 militantis,
1571 3010 1635 3057 et
1680 2998 1754 3057 fic
1813 3017 1952 3057 eam
1997 2995 2191 3057 voluit

245 3084 323 3142 ad
381 3086 650 3144 omnium
710 3084 1129 3164 apostolorum
1177 3087 1440 3146 officium
1495 3086 1836 3165 pertinere,
1895 3098 1962 3144 ut
2019 3085 2077 3144 in
2135 3085 2190 3144 b.

243 3171 428 3230 Petro
479 3171 902 3252 apostolorum
958 3174 1190 3234 summo
1238 3174 1654 3255 principaliter
1711 3173 2063 3244 collocaret,
2123 3185 2189 3233 ut

243 3256 494 3338 abipso
545 3262 706 3340 quasi
755 3264 1028 3343 quodam
1077 3264 1278 3342 capite
1327 3265 1495 3324 dona
1525 3263 1627 3323 sua
1657 3262 1827 3322 velut
1865 3263 1924 3321 in
1965 3282 2187 3340 corpus

236 3360 430 3407 'omne
489 3350 890 3425 diffunderet,
949 3351 1099 3412 teste
1148 3353 1201 3411 b.
1248 3353 1463 3414 Leone
1511 3371 1679 3431 papa
1736 3351 1794 3410 in
1843 3372 1887 3410 e.
1934 3351 2025 3410 Ita
2072 3351 2186 3411 do·-

243 3435 436 3496 minus
469 3437 636 3498 XIX.—
666 3438 786 3499 dist.
847 3441 957 3501 Cui
1005 3442 1387 3502 concordant
1419 3441 1454 3501 s.
1486 3440 1781 3511 ThomaS‚
1827 3437 2187 3514 Alexander

241 3523 320 3585 de
351 3523 564 3599 HaleS,
614 3539 676 3586 et
710 3530 1111 3589 communiter
1158 3527 1452 3609 dostores
1485 3529 1519 3588 s.
1551 3525 1960 3608 Theologiae.
2017 3527 2181 3585 Con-
