2352 3808
1036 134 1103 186 67

7 389 12 396 ‚
69 315 224 387 *buS‚
272 313 375 372 sed
423 310 680 391 amplius
730 328 855 368 non
904 310 1096 368 habet
1145 308 1480 381 concilium,
1530 308 1674 387 quid
1724 308 1904 367 faciat
1953 307 2050 366 nisi

0 406 11 455 ἱ
97 403 265 484 quod
314 400 565 483 quilibet
610 397 925 479 praelatus
974 398 1176 478 potest
1224 411 1287 457 et
1335 398 1525 457 debet
1563 417 1716 457 oves
1749 396 1850 455 fibi
1883 415 2049 458 com-

0 493 4 500 ’
95 493 294 553 missas
343 504 552 551 cautas
593 489 877 562 reddere,
927 501 990 547 et
1023 488 1345 566 imponere
1379 485 1506 561 illis,
1556 499 1622 546 ut
1653 486 1837 546 deum
1871 498 2054 546 orent

97 603 234 642 cum
281 579 569 661 apostolis
603 579 906 638 dicentes:
956 578 1227 637 Domine
1261 575 1425 637 salva
1460 596 1591 650 nOS,
1640 576 1912 655 perimus
1947 574 2052 635 &c

96 671 230 732 Nec
263 673 377 731 erit
409 669 817 750 quovismodo
851 668 1313 746 desperandum
1347 667 1425 727 de
1459 666 1710 727 subsidio
1747 686 1783 725 a
1819 664 2052 725 Christo

97 760 466 841 praestando
514 773 702 839 prout
749 779 864 837 per
911 756 1103 816 multa
1151 756 1437 835 exempla
1484 769 1661 836 patet
1709 757 1766 815 in
1813 756 1874 815 ΙΙ.
1908 775 2054 815 con-

99 849 375 912 elusione.

230 940 335 999 Ad
381 937 613 998 sextum
660 937 1002 1010 dicendum,
1052 937 1222 1016 quod
1271 956 1396 995 non
1445 935 1564 994 fine
1613 934 1874 994 misterio
1909 933 2056 993 dixit

101 1029 363 1090 Christus
410 1030 629 1088 Petro:
693 1027 1125 1106 Quodcunque
1190 1025 1481 1106 ligaveris
1546 1025 1651 1085 &o
1716 1037 1780 1083 et
1843 1023 2058 1102 postea

99 1119 247 1179 dixit
295 1116 583 1198 apostolis
632 1115 924 1176 similiter:
974 1116 1399 1195 Quaecunque
1434 1113 1773 1196 ligaveritis
1809 1112 1915 1173 &o
1962 1113 2058 1172 Ex

99 1209 214 1268 hac
262 1209 423 1268 enim
471 1206 691 1287 duplici
740 1205 1153 1267 commissione
1201 1204 1301 1264 vel
1350 1204 1732 1265 concessione
1778 1203 2057 1275 innuitur,

101 1299 270 1379 quod
318 1297 546 1377 duplex
594 1296 679 1356 est
724 1294 1062 1356 aucitoritas
1111 1295 1231 1355 five
1281 1294 1555 1374 potestas
1617 1291 1974 1352 absolvendi
2021 1312 2058 1351 a

99 1389 386 1469 peccatiS‚
436 1409 556 1447 una
605 1387 850 1460 ordiniS‚
900 1385 1019 1446 alia
1055 1383 1512 1464 jurisdiotioniS.
1603 1381 1879 1444 Potestas
1928 1383 2058 1462 qui-

101 1479 246 1539 dem
305 1478 534 1539 ordinis
595 1476 680 1538 est
741 1474 1016 1556 aequalis
1077 1477 1135 1534 in
1182 1476 1368 1534 Petro
1429 1487 1492 1534 et
1551 1471 1841 1553 apostolis
1891 1485 1955 1531 et
2003 1472 2060 1530 in

12 1599 14 1601 ·
102 1568 383 1630 omnibus
416 1566 852 1640 sacerdotibus,
887 1566 1048 1625 unde
1083 1566 1142 1625 in
1176 1564 1635 1634 consecratione
1674 1562 2061 1622 sacerdotum

101 1659 381 1718 dicuntur
428 1656 528 1717 illa
558 1657 782 1716 verba:
833 1656 1116 1733 Quorum
1149 1654 1493 1714 remiseritis
1528 1666 1803 1732 peccata,
1851 1652 2059 1711 remit-

104 1761 313 1808 tuntur
361 1747 464 1807 eis,
526 1747 610 1807 Et
657 1747 799 1807 ideo
850 1767 986 1805 cum
1037 1745 1302 1805 Christus
1352 1745 1499 1804 dixit
1549 1743 1831 1803 omnibus
1866 1739 2060 1801 simul:

108 1837 530 1917 Quaecunque
579 1835 915 1919 ligaveritis
965 1835 1088 1909 ἔξω,
1148 1849 1291 1895 tunc
1339 1834 1588 1894 tradidit
1634 1854 1744 1892 seu
1792 1830 2065 1911 promisit

106 1925 217 1986 illis
272 1927 644 2006 potestatem
708 1927 956 1999 ordinis»
1000 1939 1266 2003 tantum3
1331 1925 1580 2005 quando
1646 1936 1854 1982 autem
1918 1922 2065 1981 dixit

104 2017 322 2077 Petro:
379 2018 790 2097 quodcunque
838 2015 1130 2097 ligaveris
1180 2015 1286 2075 &e
1336 2028 1426 2074 et:
1488 2014 1594 2073 tibi
1641 2013 1810 2073 dabo
1860 2010 2064 2071 claves

106 2107 284 2190 regni
318 2105 652 2181 coelorum,
686 2120 829 2166 tunc
860 2106 1133 2185 promisit
1166 2104 1243 2164 illi
1275 2103 1648 2184 potestatem
1664 2100 2066 2184 jurisdisttio-

108 2197 200 2257 nis
247 2194 595 2257 universalis
655 2210 719 2256 et
778 2194 1168 2255 indistinctae.
1271 2195 1363 2254 Ita
1421 2192 1618 2265 videl..
1659 2193 1829 2272 quod
1893 2192 2064 2252 Chri-

107 2286 227 2346 stus
274 2287 652 2360 intendebat,
701 2286 870 2366 quod
918 2284 1015 2344 alii
1063 2283 1323 2364 apostoli
1372 2305 1497 2344 non
1530 2295 1852 2342 uterentur
1883 2294 2066 2361 pote-

110 2375 262 2436 state
310 2375 538 2435 ordinis
587 2377 665 2434 ab
700 2374 825 2453 ipso
876 2375 1102 2435 tradita
1150 2375 1232 2434 ad
1272 2387 1501 2445 nutum,
1548 2372 1651 2432 sed
1683 2370 2070 2432 voluntatem

112 2478 175 2524 et
210 2465 665 2525 ordinationem
695 2465 876 2537 Petri,
925 2464 1141 2543 quibus
1177 2464 1364 2523 etiam
1397 2462 1519 2542 ipse
1553 2462 1854 2522 tribueret
1884 2460 2068 2540 juris-

24 2556 31 2564 ’
112 2551 444 2615 ἀίξὶίοηεῐη
491 2552 924 2633 particularem
957 2566 1021 2612 et
1053 2550 1405 2626 distinetam,
1454 2565 1673 2631 utputa
1703 2551 1882 2631 super
1913 2550 2071 2609 hanc

111 2657 370 2727 gentem
418 2643 516 2704 vel
565 2641 746 2717 illam,
795 2656 861 2702 ut
906 2643 1142 2722 Jacobo
1190 2640 1609 2721 Jerosolymis⁷
1659 2642 1875 2700 Marco
1917 2637 2068 2698 Ale-

112 2733 407 2793 xandriae
457 2747 520 2793 et
581 2734 655 2793 fic
716 2734 795 2792 de
860 2731 1017 2805 aliis,
1078 2745 1402 2792 reservata
1461 2744 1670 2791 tamen
1728 2730 1829 2789 sibi
1887 2728 2069 2787 indis-

115 2820 305 2883 tinfita
341 2820 770 2901 jurisdictione
819 2822 1028 2902 quoad
1077 2843 1311 2883 omnes
1372 2821 1455 2880 Et
1502 2822 1656 2880 haec
1704 2819 1788 2878 est
1829 2817 2070 2877 senten-

116 2911 200 2972 tia
245 2934 291 2972 S.
315 2912 603 2972 Thomae
650 2911 842 2991 super,
874 2912 970 2972 IV.
1018 2912 1273 2972 sentent.
1307 2911 1441 2970 dist.
1466 2910 1630 2969 XIX.
1668 2930 1764 2988 qu,
1789 2908 1826 2966 Ι.
1852 2920 1962 2967 art.
1986 2906 2071 2965 III.

117 3001 176 3061 in
235 3020 501 3080 corpore
565 3015 629 3062 et
692 3003 750 3061 in
813 3000 1206 3080 responsione
1271 3000 1351 3059 ad
1412 3000 1689 3079 primum.
1779 2997 1862 3056 Et
1909 2996 2071 3054 bene

119 3092 396 3166 notanda
442 3090 589 3165 sunt,
653 3112 812 3171 quae
860 3091 940 3150 ibi
988 3091 1129 3150 dicit
1175 3109 1292 3169 pro
1342 3088 1447 3148 ista
1495 3087 1768 3147 materia.
1859 3085 1941 3144 Et
1988 3084 2072 3143 ita

120 3180 310 3240 modo
359 3179 500 3240 licet
548 3201 765 3241 omnes
813 3179 1164 3240 sacerdotes
1207 3192 1271 3238 et
1305 3177 1579 3257 episcopi
1612 3175 1885 3234 habeant
1917 3173 2074 3232 hanc

120 3268 490 3347 potestatem
538 3271 766 3330 ordinis
816 3267 1105 3348 equalem
1151 3288 1375 3347 papae,
1425 3280 1633 3325 tamen
1669 3262 1897 3323 nullam
1929 3283 2071 3322 auc-

122 3357 439 3418 toritatem
485 3359 718 3419 habent
765 3359 974 3418 utendi
1023 3357 1138 3431 illa
1200 3357 1298 3416 nisi
1347 3354 1595 3435 quando
1646 3365 1710 3412 et
1756 3353 1858 3412 ubi
1904 3371 2073 3432 papa

121 3443 251 3505 vult
298 3466 409 3506 eos
442 3449 542 3508 uti.
611 3448 693 3508 Et
724 3448 861 3507 hinc
909 3446 1008 3520 est
1057 3405 1225 3526 qiiod
1271 3443 1556 3504 sacerdos
1605 3461 1730 3502 non
1779 3462 1857 3502 eo
1907 3440 2075 3521 quod

122 3534 408 3596 sacerdos
455 3537 655 3615 potest
701 3537 895 3596 statim
943 3534 1138 3617 ligare
1186 3532 1284 3599 vel
1333 3531 1586 3604 solvere
1643 3518 1744 3590 sed
1793 3541 2078 3590 remanet
