2352 3808
1007 146 1273 224 „3³3—

0 308 9 338 ³'
101 350 107 356 ’
158 337 345 404 prout
399 326 642 386 videtur
699 324 1111 403 protendere,
1171 323 1311 403 quia
1361 319 1510 381 alias
1560 319 1773 380 frustra
1821 322 2122 381 niteretur

161 412 419 474 laudare
468 412 781 473 ecclefiam
828 412 1101 471 seorsam
1149 432 1186 471 a
1235 432 1420 490 papa,
1470 408 1850 491 intelligatur
1897 412 1976 470 de
2018 431 2118 470 ec-

158 501 331 563 clefia
377 501 610 563 secluso
660 522 856 581 papa,
917 502 990 560 s1c
1046 502 1215 581 quod
1276 500 1399 580 ipsa
1458 521 1584 560 non
1643 499 1876 559 habeat
1934 513 2119 579 caput

0 660 7 683 f
65 663 69 666 ⁴
158 592 256 652 nifi
307 592 619 663 Christum,
669 591 788 650 hoc
836 590 920 649 est
969 609 1316 650 erroneum.
1411 590 1526 649 Hic
1586 587 1670 648 est
1726 590 1888 648 enim
1938 610 2118 649 error

156 728 168 740 .
215 728 226 740 .
274 729 285 740 .
333 676 410 751 .¹)
459 693 646 760 atque
704 680 1092 740 Graecorum
1153 680 1483 739 dicentium
1541 678 1825 738 sufficere
1887 680 1967 738 ad
2027 677 2117 738 sa-

154 767 362 842 lutem,
410 782 476 829 ut
525 767 772 828 ecclesia
821 781 1239 850 recognoscat
1289 768 1585 828 Christum
1643 781 1829 847 caput
1878 782 1942 828 et
1990 788 2115 828 non

151 859 334 919 Rom.
382 858 754 939 pontificem.
832 859 961 917 Sed
1010 857 1172 917 fides
1215 856 1516 917 catholica
1564 870 1738 917 tenet
1785 870 2115 938 utrumque

154 949 273 1008 esse
308 962 492 1027 caput
533 947 836 1007 ecclefiae.
913 949 1032 1006 Pro
1083 947 1250 1026 cujus
1301 945 1612 1007 intellecfitu
1663 946 1748 1005 est
1794 947 2116 1021 sciendum,

93 1054 95 1056 ’
151 1050 337 1117 prout
396 1038 583 1098 docet
642 1060 686 1097 s,
744 1038 1024 1096 Thomas
1085 1037 1170 1095 III.
1231 1050 1411 1115 parte
1473 1059 1568 1116 qu.
1628 1036 1771 1095 VIII.
1828 1050 1938 1096 art.
1987 1038 2114 1097 VL:

151 1127 340 1204 Quod
375 1140 558 1206 caput
592 1128 649 1186 in
684 1125 802 1186 alia
835 1127 1114 1185 membra
1149 1127 1340 1185 influit
1377 1125 1731 1204 dupliciter:
1766 1145 1889 1184 uno
1918 1127 2112 1186 modo

150 1212 423 1296 quodam
472 1216 789 1276 intrinseco
834 1217 1072 1288 influxu,
1122 1229 1310 1294 prout
1358 1214 1477 1274 scil.
1525 1216 1716 1274 virtus
1767 1217 2001 1275 motiva
2051 1229 2114 1275 et

149 1304 424 1365 senfitiva
470 1326 507 1365 a
557 1307 759 1385 capite
820 1306 1136 1365 derivatur
1198 1306 1276 1364 ad
1338 1318 1550 1364 cetera
1610 1305 1919 1382 membra3
1992 1303 2112 1364 alio

149 1395 348 1455 modo·
387 1396 723 1455 secundum
772 1396 1084 1475 quandam
1134 1396 1510 1454 exteriorem
1568 1394 2111 1475 gubernationem,

147 1496 334 1562 prout
367 1483 475 1544 scil.
523 1506 639 1563 per
685 1484 871 1544 visum
921 1497 984 1543 et
1033 1481 1187 1543 alios
1235 1483 1452 1553 sensuS‚
1503 1484 1602 1562 qui
1652 1485 1709 1542 in
1760 1485 1962 1562 capite
2011 1504 2110 1543 ra-

147 1573 441 1646 dicantur,
476 1575 759 1655 dirigitur
784 1573 975 1633 homo
1012 1574 1069 1632 in
1105 1573 1514 1633 exterioribus
1550 1572 1801 1632 actibus
1849 1574 2111 1634 Interior

146 1656 358 1722 autem
406 1663 660 1722 influxus
709 1663 953 1744 gratiae
1011 1683 1135 1723 non
1196 1662 1280 1722 est
1339 1663 1417 1721 ab
1477 1660 1682 1742 aliquo
1744 1663 1843 1721 nis1
1893 1661 2108 1723 asolo

148 1751 411 1819 Christo,
472 1752 640 1831 cujus
702 1753 1048 1812 humanitas
1115 1774 1191 1812 ex
1258 1752 1377 1810 hoc
1437 1752 1606 1831 quod
1667 1750 1751 1810 est
1809 1752 2109 1811 divinitati

147 1839 490 1919 conjuncta,
539 1842 730 1901 habet
777 1842 1068 1901 virtutem
1117 1840 1506 1920 justificandi3
1567 1839 1670 1900 sed
1730 1841 1988 1900 influxus
2048 1842 2106 1900 in

145 1930 424 1990 membra
444 1930 731 1991 ecclesiae
752 1944 1048 2011 quantum
1075 1932 1154 1990 ad
1181 1931 1558 1990 exteriorem
1583 1930 2107 2011 gubernationem

143 2018 350 2098 potest
407 2019 537 2080 aliis
598 2021 948 2080 convenire.
1056 2020 1137 2080 Et
1196 2019 1524 2079 secundum
1582 2020 1703 2078 hoc
1762 2018 1946 2099 aliqui
2007 2018 2106 2079 alii

142 2109 385 2187 possunt
433 2110 547 2169 dici
597 2111 799 2189 capita
851 2107 1138 2168 ecclesiae
1186 2108 1516 2168 secundum
1564 2107 1710 2168 illud
1742 2109 1943 2169 Amos
1992 2109 2107 2169 VI:

143 2196 498 2276 Optimates
567 2200 771 2278 capita
842 2197 1236 2277 populorum.
1345 2192 1731 2257 Differenter
1794 2212 2004 2257 tamen
2071 2219 2108 2258 a

143 2282 377 2346 Christo
413 2288 693 2348 dicuntur
725 2289 959 2367 capita:
1004 2309 1023 2346 1
1046 2285 1072 2324 ⁰
1105 2288 1353 2367 quidem
1387 2301 1684 2367 quantum
1711 2288 1791 2346 ad
1817 2287 1935 2347 hoc
1962 2288 2105 2367 quia

144 2374 407 2436 Christus
468 2376 553 2436 est
611 2391 794 2455 caput
853 2378 1125 2436 omnium
1185 2397 1430 2449 eorum,
1492 2377 1592 2456 qui
1656 2377 1736 2436 ad
1794 2375 2106 2436 ecclesiam

141 2466 455 2544 pertinent
503 2465 829 2525 secundum
879 2486 1129 2526 omnem
1177 2464 1397 2535 locum,
1447 2479 1706 2544 tempus·
1743 2479 1806 2525 et
1855 2465 2073 2526 statum
2090 2489 2105 2544 3

141 2552 240 2613 alii
288 2567 499 2614 autem
546 2556 827 2614 homines
877 2555 1157 2614 dicuntur
1192 2555 1395 2633 capita
1429 2554 1756 2614 secundum
1790 2556 2103 2634 quaedam

140 2642 421 2722 specialia
453 2643 605 2717 loca,
640 2657 705 2703 ut
740 2645 1018 2723 episcopi
1051 2643 1290 2703 suarum
1325 2642 1730 2715 ecclesiarum,
1779 2643 1879 2704 vel
1915 2645 2103 2704 etiam

140 2731 467 2792 secundum
514 2734 995 2793 determinatum
1043 2746 1318 2812 tempuS‚
1380 2733 1523 2792 sicut
1570 2754 1739 2812 papa
1788 2733 1872 2793 est
1919 2724 2103 2812 caput

141 2822 329 2881 totius
357 2820 661 2895 ecclesiae,
697 2821 801 2882 sed
827 2835 1116 2902 tempore
1142 2821 1222 2882 sui
1248 2821 1641 2901 pontificatus
1677 2835 1741 2882 et
1773 2822 2103 2882 secundum

140 2911 622 2971 determinatum
668 2910 902 2984 statum,
950 2910 1138 2990 prout
1186 2910 1296 2970 scil.
1344 2911 1475 2970 sunt
1525 2912 1581 2970 in
1630 2911 1783 2971 statu
1828 2912 2100 2972 viatoris,

147 2995 219 3059 2⁰
267 3001 409 3080 quia
443 2999 708 3060 Christus
759 3000 843 3060 est
890 3013 1073 3079 caput
1121 2998 1408 3061 ecclefiae
1456 3001 1712 3080 propria
1760 3002 1986 3061 virtute
2037 3014 2101 3060 et

140 3086 542 3166 auftoritate3
590 3087 688 3148 alii
720 3110 876 3150 vero
910 3090 1190 3149 dicuntur
1223 3090 1426 3168 capita
1464 3090 1522 3149 in
1561 3102 1858 3170 quantum
1905 3091 2101 3150 vicem

139 3191 367 3259 gerunt
402 3177 612 3238 Christi
659 3177 987 3238 secundum
1035 3177 1181 3238 illud
1219 3178 1281 3238 II.
1317 3178 1458 3239 Cor.
1506 3179 1598 3238 II.:
1647 3180 1809 3238 Nam
1859 3192 1923 3240 et
1971 3199 2098 3261 ego

141 3267 311 3345 quod
357 3267 614 3339 donavi,
661 3266 699 3326 fi
749 3268 893 3347 quid
941 3267 1197 3339 donavi,
1254 3281 1517 3346 propter
1563 3287 1679 3328 vos
1728 3268 1784 3328 in
1834 3268 2100 3348 persona

49 3352 51 3354 ’
143 3353 381 3429 Christi,
429 3369 493 3416 et
539 3355 866 3416 secundum
914 3354 1059 3416 illud
1105 3357 1166 3415 II.
1217 3356 1356 3416 Cor.
1406 3358 1506 3416 V.:
1555 3358 1675 3417 Pro
1726 3357 1960 3418 Christo
2009 3356 2097 3417 le-

281 3560 324 3610 1)
359 3560 425 3601 Im
457 3560 591 3602 Texte
616 3539 753 3601 ‘stehtz
790 3575 816 3615 y
848 3562 878 3602 i.
914 3561 1082 3602 dorum.
