2352 3808
1190 129 1263 181 32

253 319 541 384 tempore
575 304 787 364 Christi
820 304 1301 364 dominabantur
1332 305 1390 363 in
1425 305 1596 379 orbe,
1646 325 1771 366 non
1802 304 1944 383 jure
1977 307 2201 379 divinO,

251 392 354 454 sed
398 393 704 474 potestate
738 394 1004 453 humana
1035 392 1135 452 vel
1173 391 1467 454 violentia
1515 393 2014 471 dominabantur3
2061 394 2203 455 ficut

253 497 317 544 et
364 484 443 543 de
492 482 968 561 imperatoribus
1017 483 1193 542 novis
1253 482 1394 541 dicit
1440 482 1812 563 Augustinus
1862 483 1919 541 in
1968 483 2047 543 de
2096 484 2202 544 civ.

253 573 369 645 dei,
429 573 597 652 quod
657 570 799 630 illud
849 570 950 649 jus
999 571 1363 643 habuerunt,
1420 572 1589 651 quod
1643 570 1899 631 contulit
1943 570 2202 653 gladius,
2266 622 2276 626 -

251 661 387 722 Post
435 660 736 735 excessum
784 680 942 740 ergo
980 660 1189 720 Christi
1225 660 1356 719 veri
1403 661 1570 740 regis
1618 681 1656 720 a
1702 660 2008 740 praesenti
2056 681 2202 721 con-

252 750 597 820 versatione
646 747 745 808 ille
793 747 951 808 solus
990 748 1094 827 jus
1144 762 1207 808 et
1255 749 1590 809 dominium
1641 749 1852 809 habuit
1900 750 1958 809 in
2005 749 2202 821 terriS,

254 841 343 900 cui
403 839 504 918 ipsi
564 858 771 898 curam
819 851 882 897 et
929 839 1210 919 regimen
1260 838 1564 898 commisit.
1641 838 1782 899 Hoc
1836 852 2045 899 autem
2097 836 2203 900 soli

251 931 436 990 Petro
498 925 808 987 contulisse
868 925 1110 1008 legitur,
1171 940 1235 987 et
1293 927 1437 986 ideo
1496 927 1632 1006 post
1690 927 1986 988 Christum
2042 925 2201 987 solus

251 1021 467 1079 Petrus
534 1016 745 1076 habuit
802 1037 1016 1075 veram
1074 1013 1563 1094 jurisdictionem
1622 1016 1799 1095 supra
1863 1014 2203 1077 universum

254 1108 499 1176 orbem,
560 1119 623 1165 et
681 1105 816 1184 post
861 1106 1108 1165 Petrum
1166 1105 1247 1164 sui
1304 1105 1668 1166 successores
1723 1106 1780 1165 in
1835 1105 1978 1166 sede
2024 1105 2202 1166 Petri.

252 1197 442 1278 Igitur
489 1195 543 1255 b.
576 1193 863 1254 Silvester
911 1195 1099 1254 etiam
1147 1208 1480 1274 antequam
1523 1194 1948 1255 Constantinus
1998 1195 2054 1254 ei
2102 1215 2201 1255 ce-

253 1287 448 1357 deret,
508 1306 667 1365 quae
724 1284 992 1344 humana
1051 1285 1334 1362 potentia
1384 1284 1745 1363 occupabat,
1805 1297 1868 1344 et
1916 1304 2076 1364 quae
2124 1281 2203 1343 illi

244 1374 385 1454 jure
434 1375 637 1434 divino
687 1373 1092 1443 debebantur,
1153 1387 1290 1434 erat
1336 1395 1518 1433 verus
1578 1374 1860 1434 dominus
1910 1373 2076 1434 orbis
2123 1373 2202 1432 de
2299 1385 2301 1387 ’

244 1465 403 1544 jure,
452 1463 556 1523 etsi
602 1482 727 1522 non
775 1463 854 1522 de
904 1461 1086 1522 facito,
1162 1463 1317 1523 Cum
1366 1475 1574 1523 autem
1620 1461 2047 1524 Constantinus
2096 1481 2200 1522 co-

255 1553 425 1613 astus
475 1553 688 1612 divinis
748 1550 1049 1611 miraculis
1098 1565 1162 1612 et
1210 1562 1502 1632 expertus
1552 1552 1609 1611 in
1657 1551 1715 1612 se
1771 1552 2037 1612 divinam
2083 1567 2200 1630 po-

255 1643 510 1703 tentiam
542 1641 711 1701 venit
760 1641 838 1700 ad
887 1641 1382 1722 cognoscendum
1415 1640 1766 1701 Silvestrum
1803 1640 1945 1720 jure
1993 1640 2200 1700 divino

255 1733 375 1792 esse
424 1731 739 1791 dominum
786 1730 952 1790 orbis
1003 1743 1066 1790 et
1113 1731 1213 1790 dei
1260 1731 1547 1790 vicarium
1595 1731 1654 1790 in
1713 1731 1908 1803 terris,
1968 1727 2203 1790 recessit

254 1822 333 1882 ab
382 1819 506 1899 ipsa
552 1819 694 1879 sede
745 1820 931 1879 totius
983 1820 1166 1893 orbis,
1220 1820 1451 1879 dimisso
1502 1820 1686 1888 etiam
1734 1819 1992 1899 imperio
2043 1817 2201 1879 occi-

255 1907 485 1970 dentali
517 1909 619 1988 ipsi
651 1907 958 1977 Silvestro,
1008 1909 1107 1987 qui
1157 1907 1489 1969 censendus
1534 1907 1619 1967 est
1666 1909 1852 1968 etiam
1900 1905 2227 1969 orientale

255 1998 572 2079 reliquisse,
621 1998 657 2057 si
691 1998 745 2057 b.
778 1996 1066 2057 Silvester
1112 1998 1420 2058 annuisset.
1482 1998 1610 2057 Sed
1644 1997 1785 2077 quia
1824 1998 2052 2059 decens
2101 1995 2201 2070 est,
2234 2050 2247 2057 ,

256 2101 322 2149 ut
368 2101 631 2168 propter
678 2085 1023 2147 insolentias
1072 2086 1374 2147 malorum
1407 2087 1473 2146 sit
1505 2084 1716 2166 aliquis
1765 2087 1866 2166 qui
1914 2098 2202 2147 exerceat

257 2177 520 2239 officium
567 2175 755 2258 gladii
804 2175 1174 2254 corporaliS,
1234 2196 1576 2257 congruum
1624 2175 1759 2248 fuit,
1807 2189 1873 2235 ut
1920 2175 1979 2234 in
2025 2173 2200 2234 subsi-

256 2267 420 2329 dium
468 2265 778 2348 regiminis
817 2264 1177 2343 temporalis
1213 2278 1276 2324 et
1310 2263 1834 2325 administrationis
1882 2261 2200 2324 mundialis

257 2356 379 2436 ipse
411 2354 699 2416 Silvester
732 2367 796 2413 et
827 2353 925 2413 alii
957 2353 1319 2414 successores
1368 2354 1671 2415 haberent
1710 2352 1812 2412 sub
1845 2351 1902 2413 se
1937 2351 2223 2436 aliquem,

257 2466 451 2525 penes
486 2465 670 2524 quem
717 2441 1158 2504 devolveretur
1191 2464 1335 2502 cura
1368 2443 1554 2502 etiam
1589 2443 1903 2522 utriusque
1952 2440 2201 2520 imperii.

256 2535 337 2595 Et
383 2535 520 2594 hinc
568 2532 666 2605 est,
715 2533 884 2612 quod
932 2532 1117 2592 hodie
1152 2545 1216 2592 et
1255 2532 1335 2592 ab
1384 2532 1635 2611 antiquo
1685 2531 2095 2610 imperatores
2143 2530 2201 2588 in

256 2623 357 2684 sua
415 2622 820 2683 coronatione
884 2620 1245 2681 fidelitatem
1310 2619 1621 2699 praestant
1679 2620 1928 2680 domino
1989 2638 2216 2698 papae·

258 2727 550 2792 tanquam
596 2732 749 2771 vero
800 2723 863 2770 et
911 2708 1226 2770 universali
1275 2709 1441 2770 orbis
1502 2708 1753 2769 domino
1811 2722 1875 2768 et
1927 2707 2202 2790 gladium

259 2803 337 2862 ab
386 2800 511 2880 ipso
560 2797 871 2878 suscipiunt
918 2812 1212 2878 tanquam
1260 2798 1390 2878 ejus
1441 2795 1833 2871 austoritate,
1881 2817 2007 2858 non
2053 2815 2200 2875 pro-

258 2891 391 2971 pria
423 2889 728 2969 potestate
777 2888 1056 2970 regimen
1092 2887 1257 2946 orbis
1294 2888 1606 2947 assumant.
1673 2886 1810 2947 Post
1842 2884 1986 2945 illud
2018 2885 2202 2967 igitur

260 2995 503 3059 tempus
552 2978 758 3056 coepit
790 2976 1078 3038 Silvester
1126 2990 1189 3036 et
1234 2975 1592 3036 successores
1627 2976 1705 3035 de
1754 2972 1918 3037 fasto
1960 2986 2023 3034 et
2059 2972 2200 3052 jure

260 3084 475 3129 tenere
535 3088 695 3148 quae
754 3067 919 3145 prius
978 3066 1057 3125 de
1106 3065 1247 3144 jure
1306 3063 1499 3129 solum>
1554 3063 1952 3142 possidebant.
2029 3061 2199 3138 Qua-

261 3171 521 3237 propter
583 3170 822 3217 tantum
891 3154 1073 3215 hodie
1127 3154 1280 3232 juris
1345 3154 1476 3233 quis
1539 3152 1728 3212 habet
1792 3151 1851 3211 in
1911 3150 2201 3223 dominio,

262 3266 625 3326 quocunque
676 3244 922 3305 nomine
981 3243 1229 3304 dominii
1288 3241 1617 3314 censeatur,
1676 3252 1970 3321 quantum
2016 3238 2118 3299 fibi
2162 3258 2201 3300 a

261 3333 533 3414 principe
583 3333 747 3393 orbis
797 3346 861 3392 et
907 3332 1070 3391 urbis
1119 3332 1397 3410 expresse
1446 3329 1799 3392 conceditur
1844 3326 1942 3387 vel
1989 3325 2199 3388 simila·

262 3423 420 3485 torie
479 3421 800 3482 sustinetur.
865 3420 1074 3482 Ceteri
1122 3433 1327 3480 autem
1386 3418 1626 3496 tyranni
1684 3418 1810 3478 non
1867 3437 2056 3499 reges
2102 3414 2200 3479 vel

262 3511 488 3573 domini
521 3509 651 3570 sunt
683 3511 958 3570 vocandi.
1019 3508 1178 3569 Nihil
1220 3509 1404 3590 igitur
1440 3506 1864 3570 Constantinus
1898 3503 2200 3577 ecclesiae,
