2352 3808
1081 145 1115 198 9

85 365 90 371 -
119 348 255 389 cum
287 326 422 406 ipfis
455 324 943 407 praesentialiter
976 325 1084 385 fuit
1118 322 1402 397 Christus,
1448 321 1554 383 sed
1594 323 1783 383 totius
1832 319 2077 404 collegii

118 416 425 477 ordinatio
475 417 555 476 ad
602 415 777 495 ipfius
826 415 1145 495 pendebat
1193 414 1528 493 imperium.
1602 413 1757 472 Cum
1806 412 1991 472 etiam
2041 432 2078 471 a

117 504 224 566 tali
287 506 724 569 communitate
789 506 1024 565 recedit
1094 501 1230 564 talis
1295 503 1579 564 dominus
1644 515 1846 562 totam
1910 500 2102 560 suam·

118 592 550 657 auctoritatem
599 594 770 659 alicui
804 596 1029 654 vicario
1077 593 1182 653 suo
1232 594 1544 653 dimittens
1578 590 1657 652 nil
1693 589 2076 652 auctoritatis

52 679 54 681 ¹
118 684 468 767 relinquens
527 685 630 764 ipfi
691 684 1110 744 communitati
1169 681 1268 744 vel
1330 682 1461 763 ejus
1521 682 1865 763 suppositis,
1933 694 2077 740 tunc

117 774 255 837 talis
290 775 692 835 communitas
728 773 957 834 nullam
1001 773 1373 853 potestatem
1405 773 1596 834 habet
1633 768 2075 852 jurisdictionis

117 865 237 926 ssve
285 864 448 925 cives
496 864 607 924 fint
651 864 901 944 disperfi
950 864 1070 923 five
1119 864 1505 945 congregati.
1568 863 1751 923 Unde
1786 881 1910 921 non
1943 881 2074 920 ma-

107 954 316 1035 jorem
372 953 745 1033 potestatem
804 954 1038 1014 habent
1086 954 1143 1013 in
1200 951 1341 1013 aula
1398 951 1609 1032 palatii
1663 952 1829 1025 uniti,
1889 971 2076 1031 quam

115 1042 326 1126 finguli
375 1044 431 1103 in
479 1043 593 1104 suis
642 1044 925 1104 domibus
975 1043 1257 1123 disperfi3
1305 1043 1410 1103 sed
1449 1042 1688 1103 subsunt
1736 1062 1908 1102 mere
1957 1059 2073 1119 po-

114 1133 313 1196 testati
360 1133 537 1213 ipfius
580 1134 800 1208 vicarii,
849 1135 1051 1194 donec
1100 1132 1278 1193 aliter
1326 1133 1588 1208 ordinet,
1636 1131 1736 1193 vel
1786 1129 2075 1211 praesen-

115 1221 340 1285 tialiter
386 1224 606 1284 redeat
664 1222 1010 1303 principalis
1059 1222 1159 1283 vel
1220 1242 1449 1283 novum
1498 1222 1600 1301 jus
1650 1222 1752 1302 ipfi
1802 1242 2074 1282 commu-

117 1315 286 1375 nitati
332 1314 658 1374 conferret.
720 1314 812 1373 Ita
844 1315 902 1373 in
935 1312 1255 1392 propofito
1292 1313 1576 1385 Christus,
1626 1312 1915 1393 quamdiu
1948 1310 2076 1370 vita

114 1401 358 1465 mortali
393 1403 556 1475 vixit,
606 1404 715 1463 fuit
763 1404 1150 1463 immediatus
1199 1424 1310 1463 rex
1358 1416 1421 1462 et
1469 1402 1677 1482 pastor
1724 1399 2075 1461 mortalium

114 1506 178 1554 et
235 1510 419 1554 Verus
479 1494 761 1553 dominus
822 1494 1280 1572 independenS,
1341 1494 1398 1552 in
1455 1493 1622 1572 cujus
1682 1492 1917 1573 fignum
1965 1490 2074 1550 ab-

112 1581 345 1644 scondit
391 1582 543 1643 sein
577 1596 808 1657 monte,
859 1605 994 1645 cum
1043 1605 1185 1643 eum
1233 1584 1453 1644 turbae
1487 1582 1818 1643 voluerunt
1867 1582 2074 1641 facere

112 1694 348 1755 regem,
387 1673 602 1752 Joann.
634 1674 747 1748 VL,
796 1693 922 1733 non
965 1672 1157 1734 solum
1201 1675 1259 1733 in
1305 1672 1657 1734 humilitatis
1703 1670 2074 1751 exemplum,

109 1776 179 1824 -ut
212 1764 617 1824 communiter
665 1764 1011 1842 exponitur,
1058 1763 1163 1823 sed
1197 1764 1338 1844 quia
1385 1763 1657 1835 videbat,
1706 1763 1877 1844 quod
1909 1761 2076 1821 suum

113 1852 447 1914 dominium
480 1873 606 1914 non
641 1865 777 1913 erat
810 1851 947 1913 talis
988 1866 1266 1927 naturae,
1315 1867 1382 1913 ut
1415 1853 1779 1932 dependere
1813 1852 2076 1911 deberet

114 1963 191 2003 ex
233 1941 546 2002 hominurn
578 1941 920 2020 voluntate,
951 1965 1105 2003 cum
1152 1943 1311 2004 ratIO
1362 1942 1611 2005 fontalis
1644 1943 1775 2003 veri
1823 1940 2075 2002 dominii

114 2032 263 2093 esset
310 2032 368 2091 in
416 2031 542 2111 ipso
589 2033 835 2093 ratione
885 2034 1131 2093 deitatis
1181 2034 1404 2094 unitae.
1487 2034 1617 2094 Sed
1665 2031 1917 2093 tranfire
1965 2050 2076 2090 vo-

113 2119 246 2182 lens
280 2142 358 2181 ex
404 2122 520 2181 hac
565 2121 811 2182 mortali
842 2123 970 2183 vita
1009 2123 1110 2183 seu
1159 2125 1390 2184 mundo
1442 2124 1523 2184 ad
1571 2136 1817 2204 patrem
1865 2119 2077 2181 dimifit

112 2211 400 2272 vicarium
461 2211 629 2272 suum
689 2213 940 2273 Petrum
1004 2213 1062 2272 in
1126 2214 1307 2274 terris
1370 2214 1610 2274 dicens:
1674 2211 1855 2272 Pasce
1922 2231 2076 2270 oves

113 2322 303 2376 meaS,
348 2301 564 2380 Joann.
594 2301 761 2362 XXI.
835 2303 899 2361 In
949 2322 1074 2382 quo
1123 2304 1323 2364 verbo
1374 2302 1733 2385 intelligitur
1782 2299 2075 2361 collatum

114 2391 284 2470 quod
330 2403 475 2451 ante
523 2392 726 2451 fuerat
772 2393 1156 2471 promissum:
1204 2393 1345 2452 Tibi
1389 2388 1610 2454 scilicet
1651 2392 1819 2452 dabo
1870 2389 2075 2450 claves

113 2480 291 2563 regni
346 2478 690 2555 coelorum,
749 2481 969 2541 Matth.
1016 2481 1178 2542 XVI.
1262 2483 1345 2543 Et
1393 2483 1551 2542 hanc
1599 2480 2076 2543 commissionem

111 2570 296 2629 Petro
346 2570 630 2633 faciendo
693 2568 920 2630 nullam
975 2572 1360 2631 mentionem
1409 2573 1552 2632 fecit
1599 2573 1680 2632 de
1741 2570 2074 2630 communi-

112 2671 243 2719 tate
292 2658 599 2732 ecclefiae,
656 2660 755 2719 nifi
805 2673 1044 2720 tantum
1092 2674 1158 2720 ut
1205 2660 1511 2739 pascatur,
1571 2659 1799 2742 ligetur
1847 2672 1911 2718 et
1957 2656 2075 2719 sol-

110 2761 293 2809 vatur
340 2762 404 2810 et
452 2748 866 2823 confirmetur,
925 2750 1027 2809 ubi
1075 2748 1322 2817 dictum
1354 2751 1438 2811 est
1483 2752 1704 2810 Petro:
1762 2747 2077 2809 Confirma

112 2837 336 2898 fratres
374 2851 534 2912 tuos.,
580 2838 787 2899 Lucae
819 2840 1026 2914 XXII„
1076 2853 1141 2900 et
1173 2840 1294 2900 hoc
1326 2842 1530 2901 donec
1576 2840 1800 2900 redeat
1832 2839 1890 2897 in
1923 2837 2073 2898 statu

110 2925 401 3010 gloriosO,
428 2941 492 2988 et
511 2941 654 2988 tunc
679 2929 927 2990 cessabit
948 2930 1146 2990 omnis
1166 2931 1509 3005 vicariatus,
1527 2928 2073 2990 Ezech.XXXIV.:

109 3017 272 3078 Ecce
321 3037 448 3099 ego
498 3017 622 3097 ipse
670 3017 913 3098 pascam
962 3040 1117 3080 oves
1166 3040 1339 3080 meas
1389 3033 1502 3081 etc.
1564 3020 1648 3080 Et
1693 3019 1816 3079 hoc
1864 3039 2074 3079 exem-

111 3104 281 3186 plum
328 3108 581 3167 omnino
630 3105 814 3167 fimile
864 3109 1030 3182 esset,
1077 3108 1116 3168 fi
1164 3107 1301 3169 talis
1351 3110 1636 3170 dominus
1686 3109 1989 3168 recedens
2039 3129 2076 3168 a

112 3193 211 3255 sua
258 3197 698 3257 communitate
747 3198 1166 3259 committeret
1212 3197 1292 3258 illi
1340 3212 1423 3273 ut,
1467 3199 1505 3258 fi
1541 3198 1863 3280 contingat
1910 3199 2073 3258 vica-

113 3284 266 3345 rium
295 3283 462 3345 suum
509 3287 683 3361 mori,
732 3285 986 3368 eligant,
1035 3309 1222 3369 quem
1253 3287 1563 3349 voluerint
1596 3309 1674 3347 ex
1708 3286 1924 3367 seipfiS,
1973 3289 2072 3369 qui

114 3370 346 3434 electus
393 3374 625 3436 habeat
684 3376 810 3456 ipso
872 3374 1038 3438 fafito
1089 3378 1357 3438 eandem
1405 3375 1841 3438 auctoritatem
1889 3399 2075 3459 quam

112 3463 313 3542 primo
351 3462 716 3541 contulerat,
766 3479 830 3526 et
862 3465 936 3526 fic
968 3465 1299 3527 successive.
1362 3468 1538 3528 Tunc
1571 3468 1732 3529 enim
1765 3468 1802 3527 fi
1838 3466 2072 3528 electus

113 3551 378 3613 haberet
423 3550 673 3633 plenam
719 3554 1093 3635 potestatem
1141 3575 1268 3617 non
1317 3557 1565 3639 quidem
1613 3558 1694 3618 ab
1731 3557 1855 3638 ipsa
1903 3577 2072 3617 com-
