2352 3808
1218 109 1288 162 78

279 278 492 340 clefiae
541 294 667 340 tam
717 283 773 340 in
822 284 1021 360 capite
1071 304 1255 362 quam
1303 285 1360 342 in
1393 286 1696 345 membriS.
1758 287 1947 363 Quod
1980 288 2226 348 fortasse

277 370 559 448 provida·
588 373 853 450 quadam
898 369 1275 431 fimulatione
1325 372 1528 433 a6'mm
1585 373 1683 434 vel
1742 373 1970 434 dicftum
2017 376 2101 440 est
2145 378 2226 438 ad

279 460 761 519 contentandum
809 460 1043 519 animos
1092 458 1471 522 insolentium
1505 477 1568 523 et
1599 463 1891 524 scandala
1923 467 2224 526 evitanda.

278 548 497 608 Utrum
554 562 763 607 autem
822 550 1016 608 minus
1077 548 1301 610 malum
1361 552 1524 612 foret
1570 552 1894 613 secundum
1940 553 2224 636 Augusti-

278 659 436 711 num,
484 650 549 696 ut
595 636 953 697 scandalum
1002 639 1251 711 oriatur,
1300 661 1485 719 quam
1532 655 1599 701 ut
1644 644 1872 702 veritas
1914 642 2223 723 relinqua-

278 740 396 799 tur,
455 727 620 786 Suae
678 725 1003 787 SanEtitati
1051 728 1450 806 judicandum
1506 730 1801 812 relinquo.
1903 731 2222 794 Simulatio

278 810 437 875 enim
482 817 645 875 Petri
703 816 961 895 pastoris
1008 816 1173 876 Pauli
1233 816 1476 879 doctori
1534 820 1847 900 displicuit.
1957 821 2222 885 Christus

277 906 461 964 etiam
518 906 798 965 dominus
846 906 1307 967 Pharisaeorum
1365 908 1722 969 scandalum
1769 930 1893 971 non
1941 924 2223 971 metuens

275 995 358 1053 ait
392 994 797 1054 Matth.XV.:
847 996 1040 1055 Sinite
1090 1017 1219 1070 eOS,
1269 999 1432 1057 caeci
1479 998 1611 1058 sunt
1659 1013 1722 1059 et
1769 1001 1955 1059 duces
2004 1021 2222 1060 caeco-

275 1106 421 1142 rum.
513 1084 882 1144 Timendum
931 1085 1014 1145 est
1061 1087 1222 1145 enim
1268 1086 1451 1146 valde
1509 1088 1877 1167 pastoribuS,
1941 1110 2017 1148 ne
2053 1090 2223 1149 dum
2315 1101 2325 1159 ζ

276 1194 430 1254 erga
478 1172 747 1233 subditos
782 1175 1027 1234 nimium
1060 1175 1334 1235 servatur
1381 1176 1683 1238 humilitas
1730 1179 2011 1259 regendi,
2059 1178 2221 1238 fran-

274 1276 460 1343 gatur
520 1262 886 1329 au&oritaS.
946 1278 1012 1324 ut
1071 1266 1155 1324 ait
1216 1265 1603 1347 Augustinus,
1695 1268 1758 1327 In
1807 1267 2010 1346 januis
2060 1268 2222 1328 enim

275 1351 610 1431 periculum
657 1353 798 1412 mihi
853 1354 1124 1428 videtur,
1184 1376 1261 1414 ne
1321 1356 1648 1416 adversarii
1696 1358 1797 1437 qui
1843 1358 2020 1418 Rom.
2066 1355 2220 1417 sedis

274 1439 512 1501 culmen
571 1462 686 1521 pro
746 1443 972 1503 viribus
1022 1445 1291 1503 nituntur
1338 1446 1705 1524 deprimere,
1755 1468 1831 1505 ex
1877 1447 1967 1506 his
2015 1446 2220 1514 verbis

273 1550 502 1591 cornua
547 1531 648 1590 fibi
695 1531 929 1592 sumant
977 1554 1175 1613 eaque
1222 1533 1441 1593 finistre
1474 1535 1953 1614 interpretantes
1987 1536 2218 1595 dicant:

271 1621 620 1700 praefatum
666 1621 742 1680 D.
789 1623 1138 1703 Eugenium
1196 1622 1315 1683 hoc
1372 1624 1575 1683 dixisse
1624 1646 1748 1685 non
1797 1623 1938 1684 fasti
1985 1623 2218 1687 humili-

270 1723 430 1783 tate,
488 1710 592 1773 sed
646 1710 793 1789 juris
843 1711 1223 1789 necesfitate3
1284 1725 1348 1771 et
1397 1734 1474 1772 ex
1520 1713 1639 1773 hoc
1685 1713 2076 1793 postmodum
2123 1711 2219 1773 alii

271 1801 329 1859 in
377 1800 875 1880 consequentiam
923 1802 1187 1874 trahant,
1237 1803 1486 1863 omnino
1535 1823 1764 1903 papam
1813 1804 1933 1862 esse
1966 1800 2219 1865 concilio

269 1888 582 1949 subditum.
673 1890 754 1949 Et
800 1891 874 1950 s1c
921 1892 999 1950 de
1048 1905 1260 1953 cetero
1308 1912 1476 1970 papa
1524 1893 1638 1952 erit
1685 1893 1742 1951 in
1792 1891 2052 1953 conciliis
2095 1912 2219 1952 non

271 1992 471 2058 caput,
518 1979 621 2039 sed
669 1980 911 2061 digitus,
980 1980 1062 2039 Et
1108 1981 1380 2039 breviter
1427 1982 1581 2053 dico,
1630 1980 1793 2041 salvo
1842 1981 2081 2060 semper
2116 1980 2216 2081 ju-

270 2069 424 2129 dicio
496 2067 709 2128 melius
779 2068 1092 2147 sapientiS,
1165 2070 1334 2149 quod
1408 2090 1550 2130 meo
1612 2070 1842 2148 judicio
1907 2070 2097 2130 multa
2158 2071 2217 2129 in

269 2159 582 2237 utriusque
630 2159 852 2217 horum
900 2157 1294 2219 conciliorum
1327 2160 1589 2219 decretis
1622 2172 1950 2238 ponuntur,
1999 2159 2215 2239 quibus

268 2248 306 2308 fi
355 2267 480 2307 non
529 2248 829 2320 obvietur,
876 2249 1120 2326 possunt
1166 2249 1245 2307 de
1293 2247 1447 2307 facili
1494 2247 1722 2307 multae
1771 2250 2080 2308 novitates
2126 2249 2248 2307 in—'

269 2337 518 2418 surgere
560 2350 632 2396 et
676 2336 938 2415 plurima
985 2335 1148 2397 mala
1195 2350 1259 2396 et
1304 2336 1599 2396 scandala
1628 2338 1936 2418 generari,
1985 2351 2048 2396 et
2080 2350 2214 2396 tan-

258 2427 413 2487 dem
460 2424 755 2504 paulatim
801 2427 980 2486 Rom.
1027 2425 1181 2485 sedis
1229 2424 1565 2486 auetoritas
1614 2448 1651 2486 a
1697 2427 1773 2486 D.
1819 2427 1863 2505 J.
1902 2426 2039 2486 Chr.
2088 2424 2213 2487 col-

269 2514 397 2576 lata
454 2516 532 2574 ab
591 2515 934 2575 hominibus
994 2516 1306 2587 evacuari,
1363 2516 1532 2595 quia,
1592 2535 1714 2575 uno
1765 2515 2214 2577 inconvenienti

269 2606 437 2678 datO,
482 2603 676 2664 multa
721 2604 1062 2684 sequuntur.
1119 2605 1267 2664 Ideo
1301 2605 1542 2664 videtur
1589 2605 1998 2676 necessarium,
2045 2603 2213 2683 quod

269 2696 416 2754 data
462 2694 562 2753 dei
610 2707 756 2753 nutu
806 2706 1024 2772 optata
1071 2715 1226 2772 pace
1275 2691 1561 2753 ecclefiae
1617 2693 1875 2752 summus
1934 2693 2214 2771 pontifex

269 2785 348 2843 de
408 2781 660 2844 concilio
720 2783 817 2842 dd.
877 2781 1297 2855 cardinalium,
1357 2795 1703 2843 convocato
1753 2783 1832 2841 ad
1879 2782 1998 2842 hoc
2043 2799 2211 2841 com-

269 2872 506 2952 petenti
564 2892 820 2932 numero
881 2869 1207 2932 dofftorum
1265 2884 1392 2930 tam
1449 2892 1663 2931 sacrae
1712 2871 1980 2952 paginae
2028 2890 2211 2950 quam

270 2963 662 3022 decretorum
710 2959 1038 3042 diligenter
1078 2961 1457 3020 examinaret
1490 2961 1803 3039 utriusque
1837 2957 2067 3018 concilii
2099 2958 2209 3017 de-

271 3064 454 3111 creta.
544 3050 626 3109 Et
695 3070 854 3129 quae
926 3050 1117 3109 essent
1187 3048 1654 3108 confirmatione
1717 3048 1921 3129 digna,
1987 3059 2208 3125 utpote

269 3161 346 3199 SS.
394 3138 750 3211 docfftorum,
809 3137 1279 3219 theologorum,
1340 3159 1417 3197 ss,
1467 3158 1770 3197 canonum
1818 3149 1882 3195 et
1927 3148 2209 3195 veterum

271 3228 662 3288 conciliorum
708 3225 881 3287 dietis
930 3240 994 3286 et
1039 3227 1346 3287 sententiis
1389 3226 1655 3287 consona
1687 3224 2207 3286 confirmarentur.

268 3317 350 3377 Et
397 3329 686 3376 notanter
743 3317 878 3376 dico
926 3328 1208 3375 veterum
1256 3314 1672 3387 conciliorum,
1732 3333 1857 3373 non
1917 3313 2078 3382 enim
2125 3311 2236 3372 est·

271 3426 515 3478 novum,
563 3405 731 3485 quod
779 3404 1093 3466 concilium
1140 3403 1394 3465 concilio
1444 3404 1757 3483 dissentiat.
1825 3402 1955 3462 Sed
2001 3402 2101 3462 ubi
2147 3402 2205 3461 in

270 3495 450 3576 gestis
492 3492 881 3554 conciliorum
914 3495 1147 3554 discors
1180 3493 1478 3553 sententia
1511 3492 1826 3564 invenitur,
1875 3489 2025 3550 illius
2059 3491 2203 3550 con-
