2352 3808
1194 110 1264 163 45

928 329 1027 388 XI.
1089 330 1541 391 CoNcLusm.

258 461 422 529 Quod
474 461 755 512 concilium
806 461 1052 528 generale
1103 479 1209 512 non
1260 462 1548 515 necessario
1596 482 1695 516 nec
1747 464 1952 532 semper
1998 463 2075 516 est
2120 463 2205 516 illa

442 534 741 587 universalis
782 535 1024 599 ecclesia,
1081 553 1216 603 quae
1258 537 1446 588 dicitur
1492 538 1721 590 deficere
1759 538 1843 590 vel
1884 555 2059 590 errare
2096 555 2204 590 non

439 610 601 678 posse.

388 730 710 801 Probatur,
760 751 903 789 nam
951 730 1088 790 talis
1138 730 1401 804 ecclesia⁷
1450 753 1610 812 quae
1658 731 1925 791 deficere
1964 730 2064 791 vel
2105 753 2203 792 er—

254 816 393 878 rare
442 839 567 878 non
626 819 854 897 potest,
914 819 1156 899 semper
1203 821 1311 880 fuit
1360 834 1422 880 et
1471 820 1555 880 est
1603 834 1665 880 et
1713 822 1828 880 erit
1882 841 2077 900 usque
2125 821 2204 880 ad

254 907 840 968 consummationem
887 908 1119 968 saeculi.
1198 907 1470 969 Concilia
1517 924 1726 970 autem
1782 929 1905 969 non
1964 909 2204 988 semper

254 998 514 1068 fuerunt,
564 1018 767 1075 neque
815 997 1056 1076 semper
1092 997 1239 1063 sunt,
1287 998 1391 1058 sed
1440 1000 1680 1080 magnis
1729 1012 2083 1077 temporum
2115 999 2202 1059 in-

254 1085 771 1164 terpolationibus
806 1085 1212 1146 celebrantur.
1266 1086 1347 1147 Et
1381 1102 1714 1165 praeterea
1745 1085 1998 1162 concilia
2041 1085 2202 1147 cele-

254 1176 435 1234 brare
471 1175 554 1234 est
585 1176 643 1234 in
668 1174 984 1254 potestate
1032 1197 1255 1254 papae,
1305 1190 1371 1235 ut
1404 1175 1630 1235 dictum
1671 1176 1768 1246 est„
1817 1177 2002 1257 igitur
2034 1177 2202 1256 quod

253 1263 389 1324 talis
446 1262 692 1323 ecclesia
739 1264 806 1323 fit
852 1263 950 1323 vel
1000 1284 1125 1323 non
1173 1265 1255 1333 fit,
1317 1266 1465 1324 esset
1513 1267 1570 1324 in
1617 1264 1925 1344 potestate
1980 1285 2203 1344 papae,

253 1354 418 1433 quod
452 1354 656 1412 dicere
692 1352 775 1411 est
807 1353 1143 1413 absurdum.
1181 1354 1262 1412 Et
1287 1367 1620 1432 praeterea
1654 1354 1963 1432 hocipsum
1995 1354 2204 1413 docuit

254 1443 652 1524 experientia,
702 1443 842 1520 quia
880 1444 1188 1522 quaedam
1223 1443 1475 1503 concilia
1511 1442 1800 1525 leguntur
1849 1444 2090 1515 errasse,
2137 1456 2204 1502 ut

254 1531 570 1593 concilium
606 1529 1062 1611 Aquilegiense,
1113 1533 1281 1612 quod
1329 1532 1626 1592 recusavit
1673 1532 1967 1610 suscipere
2016 1531 2201 1591 fidem

253 1623 309 1679 in
358 1619 611 1680 concilio
664 1619 1347 1699 Constantinopolitano
1398 1620 1697 1680 catholice
1746 1622 2061 1697 traditam3
2110 1621 2203 1680 cui

251 1709 309 1768 se
360 1708 644 1787 opposuit
691 1709 948 1790 Sergius
1005 1731 1172 1788 papa
1220 1729 1498 1770 errorem
1546 1709 1688 1769 dicti
1736 1709 1966 1770 concilii
2014 1709 2201 1769 corri-

251 1820 434 1880 gens,
491 1811 557 1857 ut
604 1799 780 1876 ponit
828 1799 1181 1858 Vincentius
1232 1800 1287 1857 in
1345 1797 1628 1859 historiali
1683 1798 1838 1858 libro
1887 1799 2110 1858 XXVI.
2157 1819 2202 1857 c.

252 1887 413 1946 XXI.
473 1887 641 1946 Idem
688 1900 865 1965 patet
909 1888 988 1946 de
1038 1887 1158 1947 alio
1209 1886 1461 1947 concilio
1498 1886 2200 1966 Constantinopolitan0‚

253 1977 421 2056 quod
457 1974 649 2035 noluit
682 1991 1008 2054 acceptare
1043 1977 1478 2036 adorationem
1511 1977 1861 2057 imaginum,
1906 1975 2007 2035 sed
2040 1975 2201 2036 illam

249 2065 351 2123 sub
401 2065 799 2124 anathemate
849 2066 1307 2137 condemnavit,
1364 2065 1530 2143 cujus
1588 2086 1766 2126 error
1811 2065 2202 2143 postmodum

250 2175 363 2233 per
419 2152 735 2214 concilium
791 2174 941 2213 rom.
991 2154 1304 2214 correchs
1364 2155 1474 2213 fuit
1523 2168 1586 2213 et
1633 2154 1822 2232 ipsum
1880 2152 2201 2214 concilium

251 2243 742 2303 condemnatum.
819 2243 882 2301 In
940 2264 1063 2322 quo
1126 2258 1334 2302 tamen
1383 2244 1490 2302 fuit
1539 2241 1823 2302 notabilis
1873 2242 2197 2302 multitudo

251 2331 689 2411 praelatorum,
739 2333 880 2410 quia
912 2331 1088 2391 videl.
1123 2345 1544 2392 trecentorum
1593 2333 1844 2412 triginta
1881 2331 2200 2410 episcopo-

250 2442 407 2493 rum,
467 2434 534 2480 ut
591 2421 767 2499 ponit
826 2421 988 2480 idem
1036 2422 1390 2481 Vincentius
1446 2419 1541 2489 lib.
1588 2421 1811 2480 XXIV.
1859 2442 1903 2479 c.
1953 2419 2201 2479 CLVIII.

253 2524 316 2570 et
351 2510 639 2569 CLXVII.
702 2509 855 2569 Item
903 2510 982 2568 de
1032 2508 1152 2570 alio
1202 2508 1456 2570 concilio
1506 2530 1657 2570 rom.
1705 2509 1808 2568 sub
1843 2509 2199 2568 Constantio
2239 2576 2242 2578 ,

251 2599 494 2659 caesare
552 2596 897 2671 celebrat0‚
957 2599 1014 2657 in
1063 2620 1187 2679 quo
1237 2598 1344 2657 fuit
1392 2597 1673 2676 injuriose
1723 2611 1786 2657 et
1833 2596 2042 2676 injuste
2089 2597 2199 2657 de-
2285 2613 2298 2620 ²

250 2688 478 2768 positus
542 2686 712 2747 Felix
781 2708 948 2766 papa
1010 2686 1342 2748 catholicus
1407 2700 1471 2746 et
1533 2687 1862 2765 assumptus
1924 2685 2199 2745 Liberius

251 2778 614 2850 haereticuS‚
662 2790 728 2836 ut
775 2777 1224 2854 ponuntidem
1270 2776 1623 2835 Vincentius
1671 2773 1766 2835 lib.
1805 2774 1963 2834 XIV.
2011 2795 2056 2833 c,
2099 2774 2200 2834 XI.

255 2880 318 2926 et
349 2866 474 2925 XII.
510 2879 573 2925 et
605 2866 904 2925 Martinus
939 2866 997 2924 in
1047 2866 1303 2925 cronica.
1365 2865 1519 2924 Item
1552 2865 1631 2923 de
1665 2862 1919 2924 concilio
1955 2862 2198 2922 Medio-

251 2953 504 3028 lanensl‚
565 2956 623 3014 in
679 2974 801 3034 quo
862 2952 1125 3032 praelati
1181 2953 1644 3032 subscripserunt
1691 2952 1832 3012 fidei
1877 2951 2199 3024 Arrianae,

253 3065 514 3124 quorum
563 3064 739 3103 error
787 3063 824 3102 a
870 3043 924 3101 b.
971 3042 1235 3103 Eusebio
1295 3040 1610 3103 corre6³ms
1668 3041 1766 3114 est,
1827 3053 1892 3100 ut
1938 3040 2200 3100 habetur

255 3134 312 3194 in
361 3133 492 3212 ejus
541 3129 828 3215 legenda.
886 3133 1037 3191 Item
1081 3133 1159 3191 de
1195 3130 1313 3191 alio
1364 3128 1617 3190 concilio
1667 3150 1817 3190 rom.
1864 3127 1967 3188 sub
2014 3149 2197 3207 prae-

256 3219 420 3281 dicto
469 3222 744 3294 Liberi0‚
803 3221 904 3299 qui
952 3220 1071 3280 alio
1133 3221 1380 3279 nomine
1438 3218 1632 3287 di&us
1682 3218 1766 3278 est
1809 3218 1970 3291 Leo,
2031 3218 2199 3298 quod

255 3307 570 3368 concilium
618 3331 738 3368 una
774 3330 908 3368 cum
955 3329 1121 3388 papa
1169 3308 1529 3369 assentiebat
1576 3308 1761 3367 etiam
1793 3306 2087 3381 ArrianiS‚
2133 3319 2199 3366 ut

254 3398 446 3458 refert
481 3390 763 3475 *Joannes
811 3399 890 3457 de
937 3397 1242 3458 Columna
1289 3398 1347 3457 in
1394 3396 1497 3457 sua
1543 3396 1746 3455 chron.
1792 3393 1887 3454 lib.
1924 3395 2060 3470 VII„
2107 3395 2199 3454 cui

216 3485 510 3548 >concilio
571 3477 868 3545 miraculis
918 3500 980 3546 et
1037 3484 1316 3547 dofftrina
1369 3485 1428 3546 se
1485 3483 1768 3565 opposuit
1815 3484 1869 3543 b.
1915 3483 2198 3567 Hilarius⁷
