2352 3808
1203 129 1274 181 62

259 303 495 379 pendet
542 302 622 360 ab
671 303 907 381 opifice,
971 303 1069 360 nifi
1117 303 1442 362 secundum
1488 304 1619 364 fieri
1666 317 1921 377 tantum,
1976 306 2080 365 sed
2127 306 2212 366 est

261 388 575 449 causalitas
626 389 916 449 naturalis
967 392 1179 468 capitis
1223 392 1280 450 in
1314 392 1606 466 membra,
1656 413 1816 472 quae
1851 394 2099 472 quidem
2130 395 2210 453 de

258 477 340 536 sui
415 492 635 537 natura
706 478 790 537 est
860 480 1148 538 continua
1210 481 1562 539 continuum
1625 482 1912 540 influxum
1974 482 2210 541 habens

262 568 472 646 quoad
521 580 723 626 totum
772 568 891 626 esse
941 569 1046 638 rei,
1096 569 1180 626 ita
1227 569 1396 647 quod
1443 569 1786 648 interrupto
1837 569 1940 628 tali
1988 571 2211 630 influxu

260 656 722 733 interrumpitur
769 657 889 714 esse
939 657 1236 734 corporiS‚
1285 670 1351 715 ut
1397 670 1574 735 patet
1621 660 1700 718 ad
1733 658 1975 717 sensum.
2030 659 2211 718 Unde

259 744 340 802 isti
386 743 604 823 yolunt
652 745 856 803 facere
906 766 1135 823 papam
1183 746 1599 805 mechanicum
1656 746 1755 806 vel
1812 748 2210 807 civitatis-tu-

260 833 537 904 hiemem,
595 834 695 911 qui
745 835 1100 893 convocatis
1150 834 1375 892 civibus
1424 835 1503 893 ad
1551 835 1867 894 concilium
1915 831 2213 895 clauditur

260 936 435 980 extra
481 920 700 981 aulam.
792 923 892 981 Sic
940 922 1024 981 est
1071 923 1256 1002 igitur
1302 944 1469 1001 papa
1515 923 1743 983 concilii
1792 938 1992 1003 caput,
2040 925 2221 1004 quod

259 1011 753 1090 quandocunque
814 1012 1136 1092 contingat
1195 1011 1384 1090 ipsum
1445 1011 1760 1072 concilium
1808 1034 1933 1072 non
1980 1032 2208 1073 vocare

258 1098 357 1158 vel
391 1112 682 1159 vocatum
724 1120 848 1158 non
883 1100 1247 1160 confirmare
1280 1099 1379 1159 vel
1414 1100 1838 1160 confirmatum
1871 1100 2210 1175 dissolvere,

260 1201 365 1246 aut
412 1189 643 1247 recessu
693 1187 1002 1267 corporali
1053 1203 1157 1248 aut
1204 1189 1613 1248 subtrafftione
1662 1189 1903 1249 virtuali
1928 1203 2210 1250 remanet

259 1276 446 1355 ipsum
495 1276 812 1336 concilium
863 1277 1244 1356 acephalum,
1294 1277 1460 1356 cujus
1511 1292 1747 1337 tantum
1794 1278 2006 1338 valent
2054 1297 2208 1358 ope-

259 1367 561 1438 rationeS‚
621 1380 917 1446 quantum
977 1368 1256 1445 corporis
1317 1368 1538 1427 mortui
1586 1366 1684 1426 vel
1741 1368 1941 1446 capite
1989 1368 2211 1447 privati

256 1454 469 1514 valere
503 1456 759 1533 possunt,
807 1456 902 1514 Ex
936 1456 1152 1534 quibus
1203 1456 1484 1515 omnibus
1533 1455 1891 1535 relinquitur
1938 1455 2208 1536 quaestio

256 1565 372 1622 pro
436 1557 615 1622 parte
681 1544 1046 1604 affirmativa
1108 1566 1260 1604 vera
1320 1543 1526 1615 videl,
1601 1546 1770 1624 quod
1831 1545 1973 1604 ficut
2034 1547 2208 1605 unius

257 1633 537 1711 corporis
587 1632 878 1692 naturalis
927 1633 1030 1692 suo
1080 1634 1260 1712 capiti
1308 1634 1453 1692 uniti
1501 1654 1622 1692 una
1655 1634 1739 1692 est
1770 1634 1971 1693 forma
2003 1635 2208 1706 totius,

255 1720 395 1780 licet
454 1722 563 1781 sint
602 1721 828 1800 ¹plures
889 1723 1127 1782 formae
1188 1720 1480 1800 partiales
1542 1735 1604 1781 et
1661 1744 1776 1801 per
1830 1722 2208 1803 consequens

254 1831 376 1869 una
423 1812 613 1870 virtus
663 1812 997 1890 utriusque,
1047 1813 1131 1870 ita
1179 1812 1347 1890 quod
1396 1809 1559 1870 nulla
1608 1811 1691 1870 est
1723 1811 1884 1871 aestio
1919 1810 2118 1873 vitalis
2150 1812 2209 1871 in

255 1920 522 1978 corpore
572 1900 669 1958 nifi
730 1922 844 1978 per
892 1899 1156 1979 aliquem
1205 1901 1492 1959 influxum
1541 1901 1782 1978 capitiS,
1842 1900 1915 1959 fic
1961 1901 2018 1959 in
2068 1919 2205 1979 cor-

254 2008 410 2066 pore
459 1988 681 2048 mistico
732 2010 852 2047 una
903 1989 985 2048 est
1031 1990 1222 2048 virtus
1272 2010 1309 2047 a
1356 1990 1478 2048 deo
1528 1990 1839 2048 mediante
1886 1990 2086 2068 capite
2120 1989 2208 2048 in-

255 2076 404 2149 fusa,
464 2098 588 2157 quo
639 2077 858 2149 recis0‚
918 2091 985 2136 ut
1033 2076 1261 2138 dietum
1311 2076 1409 2149 est,
1470 2076 1635 2137 nulla
1681 2091 1965 2137 remanet
2012 2077 2209 2138 vitalis

254 2167 445 2225 virtus
495 2168 553 2224 in
603 2187 885 2245 corpore.

747 2323 862 2382 Ad
907 2325 1175 2382 rationes
1228 2325 1293 2381 z‘n
1348 2324 1696 2400 oppositum.

387 2433 564 2490 Nunc
636 2433 820 2512 igitur
889 2432 1073 2491 restat
1136 2431 1514 2510 respondere
1578 2433 1657 2491 ad
1720 2445 2089 2512 argumenta
2149 2434 2208 2493 in

252 2521 548 2599 principio
600 2520 764 2580 faeta
810 2542 927 2599 pro
977 2534 1158 2599 parte
1208 2522 1518 2601 negativa.
1587 2521 1691 2579 Ad
1738 2522 1999 2599 primum
2047 2542 2204 2603 ergo

254 2628 378 2689 quo
429 2611 486 2668 in
536 2611 910 2669 contrarium
959 2610 1356 2690 arguebatur,
1404 2622 1582 2687 patet
1629 2609 1938 2687 responsio
1987 2631 2064 2668 ex
2095 2609 2204 2683 his,

254 2719 414 2777 quae
473 2699 533 2757 in
580 2699 641 2758 ΙΙ.
701 2697 1081 2759 concluslone
1138 2696 1301 2757 dieta
1357 2697 1502 2756 sunt.
1594 2698 1698 2756 Ad
1745 2697 2069 2756 secundum
2115 2699 2205 2758 di-

245 2787 541 2859 cendum,
602 2789 771 2866 quod
831 2807 955 2847 non
1005 2786 1212 2864 eoipso
1263 2787 1432 2865 quod
1478 2807 1645 2864 papa
1693 2785 2009 2846 concilium
2057 2805 2204 2846 con-

253 2888 439 2934 vocat
486 2888 550 2934 et
597 2875 918 2935 confirmat
958 2874 1210 2952 seipsum
1243 2872 1496 2934 concilio
1532 2874 1774 2952 subjicit,
1823 2876 1964 2954 quin
1997 2875 2202 2953 potius

254 2976 577 3036 convocat,
626 2977 692 3023 ut
739 2963 819 3022 illi
866 2964 1103 3042 praefit.
1184 2964 1330 3021 Non
1379 2963 1540 3021 enim
1588 2964 1669 3022 ad
1715 2963 1835 3023 hoc
1882 2976 2202 3037 convocat,

253 3066 319 3111 ut
366 3052 432 3111 fit
480 3051 597 3112 alia
644 3051 806 3112 aetio
855 3052 952 3123 sui,
1002 3051 1120 3111 alia
1168 3049 1414 3122 concilii,
1462 3051 1565 3110 sed
1605 3065 1672 3110 ut
1704 3052 1889 3110 totius
1923 3052 2202 3130 corporis

253 3142 319 3199 fit
366 3162 487 3200 una
535 3139 712 3200 aetio.
781 3141 862 3200 Et
910 3141 1027 3199 hoc
1074 3161 1198 3199 non
1247 3140 1387 3198 facit
1436 3161 1513 3198 ex
1560 3139 1927 3210 necessitate,
1975 3139 2077 3198 sed
2127 3137 2220 3199 ex'v

253 3229 552 3302 decentia,
602 3231 744 3309 quia
790 3230 1071 3308 quicquid
1119 3227 1321 3306 potest
1366 3249 1535 3306 papa
1582 3250 1718 3287 cum
1765 3226 2036 3301 concilio,
2085 3247 2201 3307 po·

254 3316 366 3375 test
412 3317 533 3375 fine
582 3317 854 3391 concilio⁷
904 3339 1055 3389 cum,
1103 3330 1170 3375 ut
1217 3315 1599 3395 praeditotum
1632 3315 1731 3389 est,
1778 3315 1879 3374 sua
1912 3316 2201 3395 potestaS,

254 3426 390 3463 cum
437 3406 503 3464 fit
550 3406 819 3483 potestas
867 3407 1108 3477 vicaria,
1169 3404 1395 3464 nullam
1443 3404 1924 3483 dependentiam
1972 3405 2200 3464 habeat

257 3514 295 3553 a
341 3492 613 3567 concilio,
662 3493 763 3553 sed
811 3495 889 3553 ab
939 3515 1016 3554 eo
1066 3515 1103 3553 a
1151 3513 1272 3573 quo
1321 3494 1677 3552 vicariatum
1723 3492 1979 3552 sortitur.
