2352 3808
1107 155 1178 209 99

82 367 87 372 ⁴
164 337 432 398 nostrum
479 334 962 416 benignissimum
1004 355 1041 393 a
1074 333 1413 393 beatisfimo
1463 353 1632 412 papa
1663 332 2010 413 Agathone
2060 346 2125 392 et

163 424 601 487 au6³toritatum
648 444 809 504 quae
859 425 916 482 in
965 424 1099 503 ipfis
1158 423 1510 482 referuntur
1568 423 1975 483 intentionem
2023 442 2124 482 ca-

162 517 356 596 pienS‚
405 514 613 587 credo,
660 512 804 572 ficut
852 513 1047 572 credit
1094 512 1217 591 ipse
1275 525 1460 591 pater
1519 511 1738 572 noster‘
1777 533 1947 591 papa
1992 512 2124 571 Ro-

162 625 394 665 manus,
485 603 550 662 In
609 602 767 661 hunc
825 603 1081 662 modum
1141 614 1206 661 et
1265 622 1485 662 omnes
1545 602 1822 681 episcopi
1871 600 2124 661 consen-

162 695 387 755 tientes
421 692 734 751 dixerunt:
783 692 918 751 Nos
969 711 1187 751 omnes
1237 691 1323 750 ita
1370 692 1703 769 credimus3
1738 690 1907 751 istam
1939 690 2126 750 fidem

162 798 476 859 tenemus3
538 780 705 840 istam
763 779 1081 860 sequimur.
1184 781 1267 840 Et
1325 779 1595 859 peractis
1654 782 1780 840 vite
1841 780 2125 841 omnibus

161 873 508 933 referentes
557 870 680 930 deo
728 871 965 951 gratias
1000 883 1064 929 et
1094 890 1321 949 papae,
1370 872 1472 951 qui
1521 891 1633 931 eos
1683 871 2000 930 direxerat
2046 871 2128 930 ad

161 962 393 1023 bonum
441 961 498 1018 in
546 958 795 1019 laudem
843 960 1019 1038 ipfius
1070 973 1272 1019 totum
1317 958 1636 1019 concilium
1669 960 1754 1020 ita
1786 959 2006 1039 scripfit
2040 960 2126 1019 ei:

160 1049 541 1111 Sancstisfimo
591 1070 664 1109 ac
709 1048 1049 1108 beatisfimo
1108 1070 1316 1128 papae
1365 1049 1706 1131 Agathoni.
1798 1049 1881 1109 Et
1940 1050 2125 1109 infra:

159 1140 341 1200 Unde
390 1152 454 1199 et
502 1157 618 1198 nos
668 1138 774 1198 tibi
824 1151 1120 1219 tanquam
1168 1139 1424 1218 principi
1468 1137 1758 1199 ecclesiae
1793 1139 1984 1200 totius
2021 1159 2123 1200 or-

161 1228 274 1302 bis3
320 1229 490 1309 quod
535 1227 774 1309 gestum
823 1227 907 1287 est
955 1228 1341 1288 attribuimus
1383 1227 1562 1307 supra
1593 1228 1832 1289 firmam
1879 1242 2127 1308 petram

161 1318 303 1378 fidei
349 1317 524 1377 stanti
571 1315 885 1397 literisque
935 1338 972 1377 a
1019 1318 1218 1378 vestra
1265 1318 1648 1378 beatitudine
1698 1319 1778 1378 ad
1810 1317 2127 1397 piisfimum

160 1409 609 1487 imperatorem
657 1406 850 1481 misfiS,
899 1408 957 1467 in
1007 1408 1225 1487 quibus
1274 1428 1427 1467 vera
1476 1406 1766 1468 confesfio
1800 1407 1943 1467 fidei
1977 1428 2124 1468 con—

162 1498 405 1571 tinetur,
452 1495 716 1556 libenter
763 1496 1193 1569 consenfimUS,
1254 1518 1415 1576 quae
1464 1511 1761 1578 tanquam
1810 1519 1846 1558 a
1893 1496 2125 1558 summo

159 1587 335 1666 apice
362 1584 783 1665 apostolorum
808 1587 1094 1646 divinitus
1122 1587 1447 1646 enunciata
1473 1588 1923 1669 cognoscimus,
1971 1587 2127 1647 Item

160 1677 220 1735 in
267 1675 452 1758 gestis
501 1676 621 1735 VII.
668 1675 909 1753 synodi,
959 1697 1121 1757 quae
1171 1677 1279 1735 fuit
1328 1678 1495 1756 apud
1542 1677 1838 1737 Nicaeam
1897 1677 2126 1749 habita,

159 1759 415 1848 legitur,
464 1766 635 1846 quod
681 1765 965 1826 Tarafius
1012 1764 1314 1826 2eccles1ae
1365 1767 1827 1846 Constantinop.
1886 1763 2126 1846 praesul

159 1868 362 1915 totum
408 1855 753 1934 processum
800 1855 976 1934 ipfius
1024 1855 1236 1934 synodi
1283 1855 1516 1917 summo
1551 1856 1840 1935 pontifici,
1888 1870 1955 1917 ut
1986 1876 2125 1916 mos

160 1958 325 2019 erat,
384 1943 619 2019 retulit,
679 1957 746 2005 ut
794 1943 919 2005 tale
952 1943 1286 2006 concilium
1332 1945 1435 2006 sua
1482 1945 1853 2006 au&oritate
1902 1944 2124 2007 confir-

161 2047 378 2107 maret,
426 2035 528 2094 ubi
576 2047 744 2109 nota,
792 2036 963 2115 quod
1011 2036 1169 2109 dicit,
1218 2048 1285 2095 ut
1333 2055 1470 2096 mos
1521 2049 1673 2109 erat,
1723 2037 1866 2117 quia
1899 2057 1976 2096 ex
2008 2036 2127 2096 hoc

159 2124 441 2197 habetur,
491 2125 660 2205 quod
708 2125 792 2185 ita
839 2125 1150 2185 faciebant
1198 2126 1406 2186 omnia
1454 2124 1726 2186 concilia.

337 2213 434 2274 Ex
480 2214 697 2295 quibus
747 2215 1030 2275 omnibus
1078 2214 1216 2275 satis
1266 2215 1592 2275 evidenter
1624 2227 1907 2294 apparet,
1956 2215 2126 2295 quod

161 2303 539 2364 consuetudo
574 2303 924 2364 universalis
952 2303 1258 2375 ecclefiae,
1309 2326 1511 2385 quam,
1546 2318 1613 2364 ut
1646 2303 1748 2365 iste
1782 2306 1940 2378 dicit,
1975 2324 2122 2364 con-

162 2391 295 2453 cilia
340 2392 826 2473 repraesentant„
873 2393 1114 2473 semper
1161 2395 1286 2468 fuit,
1334 2408 1401 2454 ut
1449 2393 1628 2476 leges
1677 2416 1838 2474 quae
1885 2395 1943 2454 in
1978 2414 2123 2453 con-

162 2481 305 2543 ciliis
340 2483 784 2557 condebantur,
834 2503 959 2543 non
998 2483 1264 2544 summos
1312 2484 1638 2562 pontifices
1687 2482 1972 2565 ligarent,
2021 2483 2126 2543 sed

162 2573 241 2632 ab
275 2593 493 2633 eorum
524 2571 849 2633 voluntate
885 2586 948 2633 et
982 2573 1237 2632 arbitrio
1272 2573 1725 2652 dependerent,
1776 2594 1889 2633 nec
1938 2585 2126 2633 antea

162 2660 292 2722 illas
337 2662 572 2722 habere
615 2663 738 2722 vim
770 2661 946 2745 legiS‚
996 2683 1183 2742 quam
1216 2662 1295 2722 ab
1330 2661 1442 2722 illis
1477 2663 1670 2723 essent
1704 2662 2125 2723 confirmatae.

161 2751 227 2811 Si
274 2751 476 2832 igitur,
525 2751 626 2812 iste
675 2766 742 2812 ut
789 2753 932 2812 dicit
980 2753 1037 2811 in
1097 2751 1361 2812 secundo
1422 2750 1687 2831 Ρυηᾶὶο,
1748 2773 1872 2813 non
1932 2749 2126 2811 solum

162 2838 450 2900 ecclefiae
509 2842 765 2902 decreta
823 2855 887 2902 et
944 2841 1283 2901 sententiae
1345 2841 1735 2901 authenticae
1797 2840 1957 2915 sunt,
2020 2841 2126 2901 sed

163 2930 351 2990 etiam
421 2929 553 3009 ejus
624 2929 789 2991 fasta
829 2944 914 2991 .et
976 2930 1446 2991 consuetudines
1510 2930 1689 2991 instar
1751 2931 1986 2990 habent
2046 2951 2125 2990 ss‚

162 3017 617 3098 scripturarum,
676 3042 813 3080 cum
870 3043 915 3080 S.
963 3019 1320 3099 scripturae,
1368 3033 1435 3080 ut
1483 3019 1606 3100 ipse
1654 3020 1813 3093 dicit,
1864 3033 1928 3080 et
1975 3038 2124 3079 con-

161 3106 458 3169 suetudini
506 3107 794 3170 ecclefiae
842 3131 957 3189 par
1004 3110 1153 3169 ritus
1203 3110 1490 3190 idemque
1535 3110 1784 3189 pietatis
1819 3110 2126 3170 debeatur

164 3195 452 3276 affe<5³tus3
501 3199 845 3279 quicunque
879 3212 1104 3273 autem,
1138 3199 1256 3258 five
1291 3198 1674 3278 particularis
1707 3198 1974 3277 persona
2004 3198 2125 3259 slve

164 3286 501 3347 universale
549 3286 879 3369 collegium
926 3287 1025 3348 vel
1075 3286 1394 3348 concilium
1442 3289 1652 3348 deviat
1685 3309 1723 3347 a
1754 3310 1799 3348 s,
1830 3286 2127 3368 scriptura

165 3394 282 3453 pro
330 3375 645 3438 haeretico
706 3377 791 3438 est
849 3377 1204 3438 habendus:
1252 3377 1520 3458 sequitur
1575 3377 1906 3452 manifeste,
1955 3379 2126 3459 quod

165 3462 481 3525 concilium
538 3467 797 3527 devians
847 3487 883 3526 a
931 3467 1366 3528 consuetudine
1425 3466 1776 3528 universalis
1837 3466 2125 3528 ecclefiae

164 3573 281 3631 pro
331 3574 602 3614 erroneo
632 3551 737 3615 'est
783 3556 1152 3615 habendum.
1226 3554 1572 3616 Concilium
1606 3558 1791 3639 igitur
1825 3556 2123 3617 Constan-

154 3658 157 3662 Α
1792 3658 1853 3701 7*
