2352 3808
1172 123 1277 201 798

260 296 612 368 statuantur,
661 297 1038 356 roborentur
1086 310 1150 356 et
1198 299 1628 358 concedantur.
1675 300 1756 358 Et
1803 300 1922 360 hoc
1969 303 2216 380 quidem

260 383 593 446 concilium.
684 385 1104 463 Imperatores
1152 406 1306 446 vero
1355 387 1410 446 b.
1455 388 1620 448 Petri
1667 386 2106 450 auctoritatem
2153 403 2217 451 et

257 473 656 534 successorum
706 473 836 552 ejus
887 495 1011 534 non
1060 476 1424 556 ignorantes
1458 477 1543 536 ita
1575 479 1655 537 ad
1689 478 1956 537 eundem
1988 499 2218 557 papam

257 562 644 643 scripserunt:
694 560 982 623 Vifflores
1032 562 1497 625 Valentinianus
1557 579 1621 626 et
1669 568 2016 626 Marcianus
2074 566 2216 648 glo-

258 653 392 713 riofi
442 652 925 731 triumphatores
958 651 1200 732 semper
1232 653 1489 735 Augusti
1536 654 1890 716 samffisfimo
1939 659 2100 734 patri
2147 677 2219 716 ac

259 762 407 821 vere
441 739 780 800 venerabili
805 741 1001 802 Leoni
1035 742 1522 822 archiepiscopo.
1570 744 2025 804 Beatitudinem
2049 758 2247 817 tuam¹

258 830 362 890 sub
420 830 682 889 brachiis
748 829 987 890 nostrae
1036 830 1378 892 serenitatis
1426 831 1792 893 velocisfime
1841 833 2052 893 valere
2102 826 2252 913 op?

258 931 493 993 tamuS‚
543 920 933 1000 requirentes
1006 934 1314 1000 quatenus
1387 943 1531 981 cura
1603 924 2046 1003 omnipotentis
2117 923 2216 982 dei

256 1008 592 1068 vestrarum
639 1030 894 1088 precum
943 1010 1120 1070 nobis
1171 1011 1547 1070 concedatur
1595 1012 1961 1085 interventu,
2008 1024 2075 1071 ut
2114 1012 2218 1091 pia

256 1110 320 1157 et
367 1097 619 1176 pacifica
665 1097 769 1158 sua
815 1098 1273 1180 magnificentia
1321 1101 1528 1160 omnia
1559 1121 1866 1180 prospera
1899 1113 1964 1160 et
1997 1113 2218 1179 optata

255 1187 459 1246 nostro
509 1187 770 1266 imperio
821 1189 1167 1248 concedere
1227 1189 1532 1270 dignetur.
1593 1190 1921 1249 -Miramur
1967 1210 2215 1268 perma-

252 1276 442 1350 xime,
503 1278 647 1356 quia
704 1276 841 1356 post
898 1277 1195 1355 synodum
1255 1276 1825 1338 Chalcedonensem
1884 1291 1949 1338 et
2005 1276 2215 1351 literas

253 1364 698 1425 venerabilium
732 1367 1189 1446 episcoporum,
1224 1388 1384 1448 quae
1420 1368 1500 1427 ad
1533 1380 1702 1427 tuam
1735 1368 1857 1427 deo
1893 1367 2217 1427 amicitiam

253 1455 458 1514 missae
519 1454 678 1527 sunt,
737 1477 853 1534 per
912 1478 1064 1537 quas
1126 1458 1333 1516 omnia
1388 1478 1548 1537 quae
1598 1458 1655 1515 in
1704 1456 1829 1536 ipsa
1876 1454 2040 1515 facta
2085 1454 2216 1515 sunt

253 1544 430 1605 vobis
480 1545 948 1618 nunciaverunt,
1007 1567 1402 1626 nequaquam
1438 1561 1488 1605 ‘a
1536 1560 1642 1606 tua
1687 1543 2008 1604 sanetitate
2057 1543 2215 1604 tales

250 1631 468 1693 literae
517 1634 723 1694 missae
771 1633 919 1707 sunt,
970 1645 1139 1715 quae‘
1179 1634 1357 1695 videl.
1416 1635 1474 1694 in
1531 1633 1894 1694 sanctissimis
1956 1632 2215 1698 ecclesiis

250 1720 452 1783 lectae
486 1723 545 1782 in
580 1724 862 1783 notitiam
895 1725 1169 1784 omnium
1202 1725 1584 1798 devenirent,
1626 1724 1793 1804 quod
1827 1723 2216 1803 quorundam

250 1812 590 1887 animabus⁷
640 1813 741 1892 qui
789 1835 1048 1892 pravam
1090 1813 1289 1873 adhuc
1321 1814 1679 1892 opinionem
1710 1810 2034 1885 sectantur,
2083 1832 2212 1872 am-

249 1901 619 1983 biguitatem
678 1902 927 1976 immisit,
976 1916 1181 1963 utrum
1229 1902 1353 1962 scil.
1402 1916 1508 1962 tua
1554 1902 1878 1962 beatitudo
1929 1921 2089 1981 quae
2153 1901 2213 1960 in

247 1988 456 2050 sanfta
509 1990 744 2069 synodo
806 1992 973 2051 edita
1030 1992 1189 2065 sunt,
1249 1991 1719 2052 confirmaverit.
1810 1991 1892 2050 Et
1950 2001 2213 2069 propter

249 2080 369 2140 hoc
415 2079 616 2139 vestra
663 2082 1017 2140 reverentia
1065 2079 1275 2140 literas
1323 2082 1741 2141 transmittere
1776 2080 2066 2161 dignetur
2097 2099 2213 2157 per

250 2190 404 2249 quas
455 2170 738 2229 omnibus
789 2168 1048 2230 ecclefiis
1099 2184 1162 2230 et
1211 2171 1520 2249 episcopis
1555 2183 1771 2231 notum
1803 2168 1886 2242 sit,
1934 2166 2212 2227 universa

251 2279 412 2339 quae
462 2259 521 2318 in
567 2281 613 2318 s,
671 2257 904 2337 synodo
965 2259 1139 2341 gesta
1195 2259 1328 2319 sunt
1375 2272 1565 2319 a-tua
1623 2258 2004 2318 beatitudine
2064 2276 2210 2317 con-

250 2347 495 2408 firmata
553 2349 690 2408 esse.
782 2349 938 2408 Item
996 2349 1054 2407 in
1112 2348 1296 2430 gestis
1356 2349 1450 2407 VI.
1510 2347 1722 2425 synodi
1781 2346 2211 2406 Constantino-

250 2435 570 2517 politanae
619 2435 863 2519 legitur‚
912 2439 1082 2518 quod
1130 2459 1266 2497 cum
1325 2438 1404 2497 ibi
1463 2438 1734 2498 dissenfio
1783 2456 2016 2517 magna
2062 2435 2216 2495 esset

251 2526 331 2587 de
380 2527 618 2587 duabus
668 2528 898 2587 naturis
947 2528 1005 2587 in
1056 2526 1309 2600 Christo⁷
1356 2527 1652 2587 steterunt
1700 2546 1825 2586 non
1872 2523 2212 2594 diffinitioni

252 2614 500 2690 concilii,
548 2616 652 2676 sed
699 2637 905 2696 papae
954 2616 1311 2698 Agathonis
1361 2616 1639 2676 absentis,
1732 2615 1913 2675 Unde
1961 2614 2020 2673 in
2067 2612 2211 2672 VIII.

251 2703 409 2766 libro
459 2703 662 2766 dietae
709 2705 921 2784 synodi
979 2706 1054 2765 fic
1111 2705 1403 2766 habetur:
1463 2705 1820 2765 Demetrius
1881 2704 2210 2782 episcopus

251 2795 641 2856 Phifiadenfis
702 2796 960 2855 civitatis
1021 2796 1104 2854 ita
1162 2795 1338 2874 dixit:
1409 2794 1837 2855 Relationibus
1896 2791 2071 2853 misfis
2131 2790 2210 2850 ab

253 2882 589 2964 apostolica
647 2898 711 2945 et
770 2882 1089 2964 principali
1149 2883 1291 2943 sede
1352 2884 1710 2964 antiquioris
1768 2884 2009 2942 Romae
2068 2881 2100 2939 i.
2159 2900 2210 2938 e.

252 2973 598 3055 Agathone
647 2974 727 3034 ad
774 2972 1091 3052 piissimum
1139 2973 1454 3033 dominum
1503 2972 1768 3032 nostrum
1815 2984 1881 3030 et
1912 2989 2210 3051 magnum

253 3062 555 3125 vi&orem
604 3064 1049 3142 imperatorem
1097 3075 1393 3142 tanquam
1441 3083 1478 3121 a
1523 3061 1727 3141 spiritu
1775 3057 1982 3120 fausto
2032 3058 2210 3118 editis

254 3173 369 3231 per
416 3173 486 3212 os
523 3151 721 3228 sancti
770 3165 834 3211 et
879 3152 1165 3231 principis
1215 3150 1637 3230 apostolorum
1667 3150 1830 3209 Petri
1863 3162 1927 3208 et
1958 3169 2073 3227 per
2120 3146 2209 3206 di-

255 3242 452 3322 gitum
485 3240 784 3320 praedi6ti
817 3240 1132 3300 beatissimi
1163 3261 1370 3319 papae
1403 3239 1759 3321 Agathonis
1792 3236 2038 3315 scriptis,
2083 3245 2208 3317 ego

257 3330 511 3389 assentio
561 3342 625 3390 et
671 3330 745 3389 fic
792 3330 980 3390 credo
1041 3342 1105 3388 et
1161 3329 1354 3388 sentio
1413 3329 1566 3388 duas
1626 3341 1876 3387 naturas
1937 3338 2000 3386 et
2057 3325 2210 3385 duas

255 3415 634 3477 voluntates
664 3419 722 3477 in
772 3417 1023 3478 Christo.
1114 3418 1268 3477 Item
1300 3417 1676 3477 Theodorus
1724 3415 2054 3494 episcopus
2086 3413 2208 3473 Ar-

257 3507 497 3567 meniae
533 3507 646 3565 ait:
695 3507 837 3586 Ego
873 3508 1127 3566 audiens
1161 3505 1498 3566 relationes
1532 3505 1733 3565 missas
1768 3504 1848 3564 ad
1896 3503 2210 3563 dominum
