2352 3808
1137 173 1236 227 117

206 350 522 431 accipiunt,
569 350 644 412 fic
675 348 1114 433 intelliguntur,
1163 352 1332 433 quod
1374 352 1620 432 capiunt
1652 351 1859 425 robur,
1907 364 1974 412 ut
2007 372 2154 413 con-

203 453 566 523 gregentur,
614 460 740 501 non
788 453 855 501 ut
902 454 1297 523 congregata
1343 441 1715 521 potestatem
1744 440 2058 520 judicandi
2092 454 2155 501 et

202 529 502 590 statuendi
560 549 598 589 a
643 549 810 608 papa
871 529 1334 611 consequantur.
1427 531 1548 608 Qui
1608 528 1954 590 intellefftus
2013 529 2153 590 satis

203 618 547 700 impugnari
593 617 797 696 potest
842 639 958 697 per
990 620 1061 678 V.
1110 617 1557 679 conclusionem
1605 633 1669 679 et
1701 619 1814 688 VI„
1863 632 1927 679 et
1966 620 2153 679 etiam

203 727 280 766 ex
325 707 411 766 ΙΙΙ.
458 704 691 785 Ρυηὸὶο
726 706 903 786 hujus
936 708 1146 787 partIS,
1195 709 1295 767 ubi
1330 707 1626 769 ostensum
1661 707 1760 781 est,
1810 709 1980 788 quod
2020 707 2152 767 sen-

200 796 439 856 sentiae
489 794 721 855 concilii
771 816 895 856 non
944 797 1177 856 habent
1208 797 1331 856 vim
1364 796 1540 878 legiS,
1591 798 1699 857 nisi
1734 818 1770 857 a
1803 818 1970 876 papa
2003 817 2151 858 con-

199 883 535 957 firmentur,
585 885 754 965 quod
801 884 940 944 satis
992 885 1253 945 ostendit
1299 886 1435 959 hoc,
1484 887 1625 967 quia
1673 885 1938 946 conciliis
1972 886 2151 946 finitis

199 986 264 1033 et
311 971 573 1052 expletis
622 974 984 1033 mittebatur
1038 995 1154 1054 pro
1216 974 1714 1047 confirmatione,
1773 975 1915 1035 ficut
1973 974 2152 1054 supra

199 1075 514 1122 narratum
562 1062 658 1122 est.
731 1063 813 1122 Et
861 1063 1024 1123 idem
1058 1064 1245 1123 etiam
1278 1063 1674 1125 confirmatur
1706 1086 1822 1144 per
1852 1064 2152 1143 synodum

196 1150 548 1229 Symmachi
597 1172 821 1230 papae,
870 1152 971 1211 ubi
1019 1150 1262 1234 legitur,
1315 1154 1484 1233 quod
1531 1152 1703 1213 finito
1754 1153 2008 1214 concilio
2056 1152 2149 1231 sy-

198 1240 399 1301 nodus
447 1240 521 1300 fic
568 1241 745 1300 dixit:
837 1241 931 1300 Ea
978 1262 1138 1321 quae
1198 1243 1256 1301 in
1317 1241 1525 1302 libello
1586 1263 1771 1322 quern
1827 1243 2148 1302 Ennodius

198 1329 401 1389 nostra
447 1327 818 1390 au&oritate
867 1330 1224 1410 conscripsit,
1272 1330 1415 1391 ficut
1462 1332 1520 1390 in
1563 1331 1762 1391 vestra
1794 1333 2150 1410 praesentia

196 1416 431 1478 relecta
476 1418 623 1491 sunt,
672 1431 739 1479 ut
787 1419 844 1478 in
892 1433 1266 1498 perpetuum
1313 1419 1657 1493 serventur,
1706 1440 2034 1502 rogamuS,
2083 1433 2149 1480 ut

194 1505 392 1567 vestra
439 1506 775 1587 apostolica
822 1506 1193 1569 auctoritate
1242 1509 1696 1569 confirmentur.
1787 1509 1883 1569 Ex
1929 1509 2147 1589 quibus

192 1593 330 1675 plus
395 1617 580 1676 quam
639 1597 963 1657 evidenter
1011 1611 1300 1677 apparet,
1364 1599 1532 1678 quod
1592 1599 1820 1658 nedum
1879 1617 2145 1680 congre-

191 1686 368 1768 gatio
418 1698 483 1746 et
529 1686 760 1746 initium
808 1684 1039 1747 concilii
1087 1708 1125 1747 a
1171 1707 1338 1766 papa
1386 1688 1763 1766 dependent,
1811 1687 1915 1747 sed
1960 1689 2147 1747 etiarn

192 1773 326 1834 finis
374 1787 438 1835 et
485 1773 617 1854 ejus
666 1776 1032 1836 terminatio.
1081 1776 1271 1853 Quod
1318 1777 1356 1836 fi
1405 1777 1582 1850 dicat,
1632 1778 1802 1857 quod
1849 1776 1953 1836 ista
1997 1797 2145 1837 con-

195 1862 460 1924 firmatio
508 1862 700 1924 solum
748 1863 833 1924 est
879 1865 960 1925 ad
1007 1865 1169 1925 bene
1219 1865 1357 1938 esse⁷
1421 1866 1504 1925 ita
1552 1865 1731 1926 videl.
1780 1866 1950 1945 quod
1997 1884 2144 1925 con-

196 1950 392 2012 cilium
438 1953 558 2013 hoc
604 1953 747 2013 facit
795 1975 872 2013 ex
918 1953 1258 2014 humilitate
1307 1967 1372 2014 et
1418 1968 1682 2034 propter
1729 1955 2146 2015 reverentiam

196 2040 566 2122 apostolicae
614 2041 787 2116 sediS,
847 2056 914 2102 ut
962 2044 1149 2103 etiam
1197 2042 1320 2122 ipse
1367 2043 1509 2104 sciat
1568 2057 1632 2103 et
1690 2044 1792 2103 fibi
1838 2042 2144 2123 placeant,

194 2151 354 2211 quae
403 2131 504 2210 ips1
553 2132 847 2205 fecerunt,
895 2132 979 2192 ita
1026 2145 1236 2192 tamen
1285 2134 1454 2213 quod
1501 2133 1620 2193 five
1666 2131 1988 2194 confirmet
2027 2133 2147 2193 five

195 2239 336 2294 non,
383 2219 605 2280 statuta
653 2219 1038 2281 nihilominus
1086 2220 1327 2281 valent:
1376 2222 1495 2281 hoc
1541 2235 1718 2301 patet
1767 2223 1887 2282 esse
1936 2220 2147 2281 falsum

193 2329 310 2388 per
356 2329 434 2389 ea
480 2329 641 2389 quae
690 2310 748 2369 in
795 2308 1118 2389 praedicto
1165 2311 1253 2371 III.
1299 2308 1532 2390 ρυηξὶο
1582 2308 1746 2371 (Ιίἆὶει
1791 2310 1937 2370 sunt.
1984 2311 2147 2370 Nam

194 2398 272 2457 ibi
335 2398 576 2472 dicitur,
637 2399 806 2479 quod
864 2420 1034 2478 papa
1091 2401 1336 2460 cassavit
1397 2401 1853 2460 ordinationem
1912 2397 2145 2460 concilii

195 2485 709 2547 Chalcedonensis
758 2489 837 2547 de
885 2487 1126 2548 sedibus
1160 2488 1687 2568 patriarchalibus,
1737 2510 1922 2568 quam
1955 2489 2142 2548 cassa-

193 2576 428 2636 tionem
475 2575 724 2636 ecclefia
771 2598 966 2657 usque
1016 2599 1174 2636 nunc
1217 2579 1413 2637 tenuit
1446 2592 1510 2638 et
1543 2578 1906 2639 observavit.
1954 2578 2146 2655 Quod

192 2666 230 2725 fi
278 2666 466 2737 dicat,
516 2666 686 2745 quod
734 2666 876 2726 ideo
926 2666 1045 2727 hoc
1093 2667 1441 2745 acceptavit
1488 2665 1754 2738 ecclefia‚
1807 2667 1949 2746 quia
1997 2686 2144 2726 con-

192 2751 388 2815 cilium
436 2752 581 2814 illud
627 2754 1095 2834 praejudicabat
1132 2755 1371 2834 juribus
1420 2754 1676 2816 aliarum
1707 2755 1953 2829 sedium,
2001 2768 2145 2815 tunc

192 2864 269 2904 ex
327 2843 447 2904 hoc
503 2843 739 2916 habe0‚
796 2845 966 2925 quod
1026 2843 1345 2904 concilium
1403 2844 1607 2924 potest
1665 2865 1904 2918 errare,
1976 2843 2143 2923 cujus

192 2932 543 3012 oppositum
602 2931 734 2992 vult
792 2933 1037 2993 fortiter
1095 2946 1314 2994 tenere
1368 2932 1467 2993 vel
1530 2933 1828 2994 sustinere.
1920 2934 2143 3013 Neque

190 3021 285 3082 hic
330 3019 494 3082 aliud
542 3022 920 3102 quaerimuS‚
981 3022 1080 3082 nifi
1128 3022 1297 3102 quod
1344 3021 1506 3083 male
1554 3022 1776 3083 statuta
1833 3043 1949 3102 per
1995 3041 2142 3083 con-

191 3108 386 3171 cilium
447 3130 616 3190 papa
675 3110 908 3171 habeat
970 3131 1304 3184 revocare,
1366 3112 1528 3173 bene
1588 3125 1798 3172 autem
1857 3112 2145 3172 ordinata

191 3197 571 3260 confirmare.
661 3200 817 3260 Item
865 3221 942 3260 ex
989 3199 1109 3261 hoc
1157 3200 1345 3261 etiam
1390 3200 1674 3281 sequitur,
1723 3201 1894 3280 quod
1941 3201 2142 3261 conci-

190 3285 334 3348 lium
379 3287 501 3348 fine
549 3309 717 3368 papa
749 3307 876 3349 non
908 3289 1100 3349 habet
1131 3286 1575 3368 plenitudinem
1607 3290 1959 3369 potestatiS‚
2000 3289 2143 3370 quia

190 3375 348 3437 hanc
391 3376 631 3438 habens
678 3377 842 3438 bene
890 3377 1093 3457 potest
1129 3377 1232 3457 jus
1281 3379 1455 3439 unius
1514 3379 1572 3438 in
1629 3376 1892 3440 alterum
1939 3391 2140 3441 trans-

190 3465 370 3539 ferre,
419 3477 483 3526 et
519 3465 664 3546 jura
708 3465 924 3528 volunt
971 3465 1182 3529 saltem
1231 3487 1309 3528 ex
1341 3480 1510 3528 certa
1543 3487 1746 3540 causa,
1794 3488 1954 3548 quae
1999 3481 2143 3528 tunc

187 3552 327 3614 satis
376 3550 657 3616 colorata
704 3568 857 3630 erat,
920 3553 1098 3617 videl.
1145 3569 1410 3637 propter
1456 3556 1763 3618 honorem
1810 3555 2140 3637 imperialis
