2352 3808
1170 147 1244 200 40

232 327 512 399 tendere,
562 347 723 406 quae
773 339 1150 386 concernunt
1197 324 1383 384 finem
1430 325 1532 385 fibi
1580 326 2052 386 convenientem
2083 348 2181 387 ra-

233 418 403 477 tione
451 415 863 486 humanitatiS,
922 414 1040 474 five
1101 416 1459 494 inquantum
1517 414 1797 474 homines
1845 413 1991 474 sunt.
2066 416 2184 475 Hic

232 519 441 566 autem
503 505 635 563 finis
699 503 783 563 est
844 504 1113 563 humana
1174 502 1426 563 felicitas
1486 522 1603 582 pro
1666 503 1819 564 statu
1882 502 2184 583 praesenti

231 594 558 655 secundum
605 590 812 672 philos.
885 593 1066 652 Unde
1116 590 1288 652 alicui
1335 593 1538 671 potest
1584 593 1867 653 conferre
1917 590 2182 653 aucff‘tori-

233 698 446 755 tatem,
492 696 558 741 ut
590 681 778 760 ipsam
811 696 995 763 regat
1028 680 1258 763 regulis
1293 695 1356 741 et
1403 679 1643 762 legibus
1685 683 1764 742 ad
1797 683 1955 742 hunc
2000 681 2185 741 finem
2275 755 2279 759 Α

234 772 669 833 tantummodo
720 772 1243 830 convenientibus
1324 770 1407 830 Et
1454 770 1590 830 hinc
1638 784 1778 831 orta
1825 770 1909 831 est
1954 769 2184 852 regalis

233 860 523 941 potestaS,
579 859 817 940 papalis
868 873 1077 919 autem
1131 858 1403 939 potestas
1450 858 1563 919 suis
1612 858 1840 942 regulis
1890 874 1954 920 et
1999 870 2183 939 prae-

234 951 426 1029 ceptis
476 969 601 1009 non
650 963 888 1009 tantum
937 949 1142 1030 dirigit
1189 948 1470 1009 homines
1511 950 1568 1008 in
1602 948 1954 1009 felicitatem
2000 969 2183 1028 prae-

232 1040 481 1111 sentem,
530 1059 691 1118 quae
741 1037 825 1097 est
866 1039 1077 1098 vivere
1125 1037 1451 1097 secundum
1496 1038 1802 1111 virtutem,
1849 1038 1953 1098 sed
2000 1038 2185 1098 etiam

234 1142 572 1199 aeternam,
622 1148 782 1208 quae
817 1148 854 1187 a
884 1126 1014 1188 solo
1049 1128 1172 1188 deo
1222 1127 1486 1188 conferri
1533 1127 1748 1206 potest.
1809 1127 1957 1188 Ideo
1992 1145 2184 1206 opor-

234 1230 342 1291 tet,
391 1217 560 1296 quod
607 1215 744 1276 talis
793 1236 918 1276 non
967 1217 1045 1277 ab
1094 1217 1455 1287 hominibUS,
1502 1215 1606 1276 sed
1654 1237 1691 1276 a
1722 1217 1845 1275 deo
1895 1217 1952 1275 in
2001 1235 2185 1296 quem

234 1307 455 1387 dirigit,
505 1306 751 1366 oriatur.
823 1306 906 1367 Et
953 1307 1089 1365 hinc
1137 1306 1236 1376 est,
1285 1305 1453 1385 quod
1498 1306 1684 1369 Petro
1733 1305 1931 1384 primo
1979 1324 2184 1385 papae

233 1392 460 1454 dicPtum
509 1395 608 1466 est,
657 1395 872 1455 Matth.
921 1395 1111 1454 XVI.:
1159 1395 1296 1454 Tibi
1344 1395 1510 1455 dabo
1560 1394 1765 1454 claves
1813 1396 1991 1475 regni
2039 1413 2184 1454 coe-

233 1483 460 1554 lorum,
520 1505 672 1563 quas
720 1483 829 1543 scil.
879 1505 1004 1566 ego
1050 1482 1211 1543 solus
1260 1484 1732 1563 darepossum,
1793 1497 1856 1543 et
1904 1504 2056 1563 quas
2104 1482 2185 1542 ab

233 1573 577 1633 hominibus
637 1572 851 1632 haberi
899 1594 1024 1634 non
1072 1587 1287 1652 poteS,
1347 1573 1447 1653 qui
1505 1570 1696 1632 solum
1745 1570 1949 1632 claves
2005 1571 2184 1654 regni

233 1676 538 1722 terrarum
597 1662 879 1722 conferre
927 1663 1199 1742 possunt,
1253 1662 1292 1722 fi
1342 1663 1485 1742 quid
1534 1662 1815 1721 conferre
1873 1662 2044 1740 posse
2093 1661 2183 1721 di-

235 1764 462 1810 cantur.
538 1751 707 1810 Idem
756 1751 941 1811 etiam
996 1764 1191 1831 patet,
1249 1751 1287 1810 fi
1337 1751 1751 1811 confideretur
1805 1750 2024 1810 modus
2071 1770 2183 1829 pa-

234 1839 389 1918 palis
438 1840 784 1918 potestatis:
836 1861 960 1901 non
1010 1840 1093 1900 est
1141 1840 1302 1899 enim
1350 1839 1474 1919 ipsa
1512 1838 1786 1919 potestas
1819 1836 2183 1918 principaliS,

232 1929 336 1988 sed
393 1929 665 2007 potestas
713 1929 938 1989 vicaria
991 1929 1090 1989 seu
1138 1927 1555 2011 subdelegata.
1630 1928 1695 1987 In
1754 1926 1919 1987 nulla
1976 1940 2184 1988 autem

233 2015 454 2096 policia
499 2018 661 2077 bene
711 2018 996 2078 ordinata
1044 2018 1316 2097 potestas
1363 2018 1589 2077 vicaria
1636 2017 1951 2076 confertur
1992 2037 2029 2076 a
2066 2036 2183 2096 po-

233 2105 398 2185 pulo,
445 2105 548 2166 sed
596 2107 674 2166 ab
723 2127 801 2167 eo
851 2107 1017 2186 cujus
1065 2108 1229 2166 vices
1276 2108 1440 2189 gerit
1486 2106 1608 2185 ipse
1655 2106 1927 2166 vicarius,
2002 2106 2183 2166 Unde

234 2215 359 2255 non
407 2196 655 2254 dicimus
706 2194 842 2255 illos
890 2197 1177 2268 vicariOS,
1238 2216 1394 2275 quos
1443 2193 1654 2274 populi
1712 2193 1950 2273 fibiipfis
1982 2215 2182 2274 *prae-

232 2283 452 2356 ficiunt,
508 2285 943 2345 transferendo
998 2285 1164 2344 suam
1201 2283 1690 2363 jurisdictionem
1738 2284 1796 2342 in
1844 2283 2023 2363 ipsos,
2080 2282 2183 2343 sed

233 2373 483 2432 dicimus
533 2394 644 2434 eos
694 2374 1005 2446 dominos,
1053 2394 1266 2454 regeS,
1315 2373 1502 2432 duces
1549 2371 1648 2431 vel
1695 2373 2017 2452 principes
2093 2372 2195 2432 Ita'

234 2460 317 2521 est
345 2472 348 2474 ’
376 2482 533 2543 ergo
595 2463 673 2522 de
732 2483 930 2541 papa:
996 2463 1139 2522 ficut
1196 2462 1235 2521 fi
1294 2483 1404 2522 rex
1464 2461 1693 2521 tribuat
1751 2459 2184 2521 austoritatem

234 2548 405 2610 alicui
452 2549 708 2630 popuIO,
757 2564 822 2611 ut
856 2552 934 2611 de
967 2550 1079 2610 suis
1115 2549 1350 2633 eligant
1389 2551 1489 2610 fibi
1522 2547 1820 2622 rec‘tores,
1869 2551 1969 2630 qui
2003 2548 2182 2610 eleffi'ti

233 2652 469 2698 tantam
524 2640 797 2699 habeant
851 2639 1250 2719 potestatem,
1310 2651 1604 2719 quantam
1653 2639 1740 2698 eis
1788 2660 1897 2698 rex
1944 2639 2181 2699 donare

232 2726 510 2788 voluerit.
566 2726 754 2788 Tales
789 2741 997 2788 autem
1030 2750 1066 2788 a
1099 2726 1335 2808 populo
1370 2729 1730 2807 dependent
1763 2728 1972 2807 quoad
2020 2725 2180 2787 elec-

233 2817 483 2889 tionem,
525 2816 630 2878 sed
663 2837 789 2878 non
822 2818 1031 2898 quoad
1063 2817 1434 2896 potestatem
1466 2814 1654 2876 ullam
1685 2815 1784 2876 vel
1807 2812 2180 2895 jurisdiftio‘-

233 2926 390 2977 nem,
450 2919 516 2965 ut
573 2906 752 2985 supra
809 2905 1037 2966 di&um
1086 2905 1183 2966 est.
1265 2906 1347 2966 Et
1393 2906 1431 2966 fi
1479 2906 1714 2965 dicatur
1772 2918 1988 2964 contra
2046 2904 2179 2977 hoc,

232 2995 372 3073 quia
405 2995 592 3054 etiam
639 2996 947 3074 principes
980 2995 1210 3055 terreni
1257 2994 1387 3054 sunt
1419 2994 1622 3054 vicarii
1654 2994 1770 3067 dei,
1818 2991 1958 3052 licet
2004 2991 2181 3052 aliter

232 3103 412 3161 papa.
482 3084 642 3142 Nam
689 3085 995 3162 principes
1044 3104 1169 3144 non
1217 3083 1348 3143 sunt
1393 3083 1596 3142 vicarii
1643 3082 1743 3141 dei
1790 3082 2066 3160 expresse
2116 3093 2180 3140 et

233 3170 514 3248 explicite
570 3193 686 3251 per
739 3172 1170 3233 institutionem
1216 3170 1500 3231 vocalem
1548 3182 1612 3229 et
1659 3168 2022 3249 explicitam,
2078 3168 2178 3228 nifi

233 3259 479 3318 sortasse
513 3260 694 3340 aliqui
726 3282 913 3344 reges
947 3261 1169 3321 fuerint
1200 3258 1499 3340 praefecffi
1530 3257 1911 3319 revelatione
1945 3258 2178 3335 divina3

230 3347 474 3425 possunt
510 3360 717 3408 tamen
750 3350 862 3409 dici
898 3350 1203 3429 principes
1236 3349 1440 3408 vicarii
1478 3347 1593 3419 dei,
1630 3347 1988 3426 inquantum
2023 3347 2177 3406 deus
2213 3395 2218 3398 .

231 3435 401 3495 dedit
448 3449 707 3496 naturae
755 3438 1060 3499 humanae
1107 3438 1416 3509 rationem
1463 3432 1808 3496 naturalem
1845 3455 1962 3514 per
1994 3444 2177 3514 qua'm

229 3522 429 3600 posset
465 3523 762 3602 judicare,
809 3527 1041 3586 bonum
1075 3527 1194 3587 esse
1244 3525 1510 3606 aliquam
1555 3521 1927 3603 potestatem
1961 3523 2079 3582 esse
2117 3522 2175 3579 in
