2352 3808
1087 130 1158 184 23

116 308 319 389 super
364 310 561 371 verbo
605 309 790 371 Omni
839 308 1006 371 clero
1056 310 1198 370 dicit
1247 323 1701 391 argumentum,
1751 312 1922 390 quod
1970 311 2101 373 sen-

140 400 372 460 tentiae
420 420 626 479 papae
673 398 948 459 standum
982 399 1081 473 est,
1131 400 1318 459 etiarn
1349 400 1387 459 si
1422 413 1590 460 totus
1640 401 1902 459 mundus
1953 422 2099 463 con-

138 489 392 549 trarium
427 487 668 549 sentiat.
734 488 816 548 Et
865 490 1034 568 quod
1083 489 1185 548 iste
1235 489 1417 548 fuerit
1466 486 1813 549 intellectus
1848 489 1902 548 b.
1938 490 2097 551 Gre—

134 579 323 660 gorii,
383 576 587 660 colligi
645 578 849 656 potest
895 599 1010 657 per
1058 579 1118 638 id
1167 580 1335 658 quod
1384 579 1442 637 in
1490 576 1654 638 simili
1711 577 1845 638 casu
1900 577 2098 640 scribit

133 666 476 749 Augustino
535 665 888 749 Anglorum
956 667 1275 747 episcopo,
1343 681 1406 727 et
1465 668 1731 727 habetur
1788 667 1914 727 XII.
1974 669 2095 729 dist.

131 756 352 817 Novit:
412 756 559 816 Mihi
607 755 840 835 placet,
901 757 1120 837 inquit,
1169 770 1235 816 ut
1282 757 1401 817 five
1451 757 1508 816 in
1557 778 1819 817 romana
1866 757 1986 818 five
2035 759 2093 817 in

132 844 510 906 Gallicorum
543 845 662 906 five
697 847 755 905 in
789 845 1064 926 qualibet
1113 844 1363 906 ecclefia
1412 846 1698 919 invenisti,
1747 847 1918 927 quod
1954 845 2091 927 plus

127 933 306 1014 poss1t
365 935 778 1014 omnipotenti
838 937 960 997 deo
1021 934 1298 1015 placere,
1357 934 1587 995 solicite
1649 934 1846 1018 eligas
1909 950 1973 996 et
2031 938 2090 997 in

125 1022 479 1107 Anglorum
527 1023 803 1099 ecclesia,
852 1047 1013 1106 quae
1063 1027 1120 1086 in
1170 1024 1290 1085 fide
1340 1025 1539 1085 adhuc
1588 1046 1754 1086 nova
1802 1026 1886 1086 est
1932 1026 2087 1087 insti-

125 1114 361 1174 tutione
419 1115 756 1194 praecipua
803 1115 881 1176 de
931 1114 1132 1175 multis
1183 1113 1441 1175 ecclefiis
1491 1113 1787 1197 colligere
1846 1117 2085 1195 poteris

123 1202 419 1264 infun'daS.
484 1204 579 1264 Ex
627 1223 751 1285 quo
801 1218 1083 1285 apparet,
1132 1204 1190 1265 se
1240 1225 1366 1266 non
1399 1203 1562 1265 velle
1611 1218 1819 1265 artare
1869 1226 2083 1285 quem-

121 1313 306 1373 quam
353 1294 434 1354 ad
482 1313 700 1354 omnes
757 1295 1225 1355 consuetudines
1282 1305 1580 1354 romanae
1630 1292 1917 1354 ecclesiae
1969 1295 2082 1354 ob-

118 1380 463 1444 serv-andaS.
525 1383 694 1444 Idem
743 1385 931 1445 etiam
979 1385 1093 1444 dici
1141 1383 1345 1464 potest
1378 1397 1442 1444 et
1483 1385 1562 1444 de
1611 1383 1854 1465 legibus
1904 1384 2079 1463 ipsius

116 1490 414 1533 romanae
449 1473 767 1547 ecclefiae,
816 1495 975 1555 quae
1025 1472 1165 1534 licet
1209 1475 1266 1533 in
1299 1473 1357 1533 se
1393 1494 1611 1534 omnes
1660 1471 1930 1533 fidelium
1979 1494 2078 1533 ec-

115 1559 320 1621 clefias
367 1561 580 1644 ligent,
628 1576 839 1623 tamen
872 1564 1075 1643 potest
1110 1563 1257 1636 fieri,
1307 1576 1372 1622 ut
1406 1561 1851 1624 dissimilatione
1885 1561 2076 1644 legis-

112 1648 325 1711 latoris
386 1651 602 1712 alicubi
660 1653 908 1731 impune
969 1675 1047 1713 ex
1095 1667 1266 1713 certa
1325 1652 1499 1712 causa
1559 1672 1682 1712 non
1742 1651 2075 1713 serventur.

111 1739 281 1801 Facit
329 1742 516 1802 etiam
564 1756 783 1803 contra
822 1741 1051 1803 dictam
1097 1742 1358 1824 glossam
1406 1741 1525 1802 alia
1570 1740 1767 1824 glossa
1815 1741 1995 1821 super
2027 1764 2073 1802 e.

113 1827 366 1906 Quanto
427 1845 602 1892 extra
660 1833 739 1892 de
799 1831 1206 1909 translatione
1268 1831 1714 1911 episcoporum,
1778 1852 1939 1911 quae
1999 1832 2073 1891 fic

110 1917 330 1980 habet:
388 1921 708 1981 Romanus
756 1923 1039 2001 pontifex
1098 1922 1313 1982 dicitur
1372 1922 1607 1981 habere
1657 1919 1921 1981 coeleste
1969 1941 2070 1980 ar-

110 2007 353 2069 bitrium
413 2009 478 2070 C.
526 2011 605 2071 de
664 2010 892 2072 summa
952 2013 1043 2072 tri.
1090 2010 1124 2072 l.
1171 2011 1209 2071 Ι.
1266 2012 1323 2070 in
1371 2010 1425 2070 fi.
1516 2011 1599 2071 Et
1657 2010 1822 2070 idem
1882 2011 2069 2070 etiam

109 2110 390 2159 naturam
436 2120 643 2160 rerum
691 2101 996 2176 immutat,
1051 2099 1454 2162 substantialia
1502 2101 1675 2160 unius
1732 2100 1821 2160 rei
1870 2099 2067 2179 appli-

108 2189 307 2256 cando
357 2188 534 2250 alteri
583 2211 666 2255 ar.
715 2212 765 2250 e.
814 2212 1026 2251 coram
1073 2189 1190 2251 del.
1237 2191 1300 2250 II.
1368 2190 1450 2251 Et
1498 2191 1578 2250 de
1628 2188 1813 2249 nihilo
1863 2189 2068 2268 potest

108 2274 333 2358 aliquid
381 2279 587 2340 facere
633 2280 699 2340 C.
743 2282 822 2341 de
871 2281 959 2341 rei
1011 2303 1104 2340 ux.
1149 2279 1182 2340 l.
1230 2301 1351 2340 una
1400 2281 1458 2339 in
1506 2279 1824 2360 principiO,
1874 2291 1938 2338 et
1985 2279 2065 2338 de

108 2365 302 2427 conse.
348 2368 471 2428 dist.
517 2368 579 2429 II.
625 2369 890 2431 Revera.
970 2371 1052 2431 Et
1099 2370 1478 2443 sententiam,
1539 2389 1700 2450 quae
1750 2366 1914 2427 nulla
1963 2366 2063 2441 est,

108 2453 247 2515 facit
294 2455 561 2537 aliquam
607 2457 694 2518 III.
742 2481 838 2539 qu.
874 2460 969 2521 VI.
1017 2461 1137 2520 hoc
1185 2460 1414 2540 quippe
1464 2460 1607 2539 quia
1654 2459 1712 2516 in
1760 2457 1852 2523 his
1902 2477 2062 2537 quae

105 2542 249 2618 vult,
299 2546 383 2607 est
430 2548 486 2607 ei
532 2567 649 2626 pro
698 2549 941 2610 ratione
987 2548 1292 2611 voluntaS.
1339 2548 1485 2608 Insti.
1533 2549 1613 2609 de
1652 2547 1794 2626 jure
1844 2560 1964 2606 nat.
2012 2552 2063 2611 ὅ.

51 2626 57 2631 ’
103 2633 233 2694 Sed
281 2636 450 2716 quod
497 2638 767 2719 principi.
837 2639 970 2699 Nec
1018 2639 1102 2699 est
1134 2638 1235 2719 qui
1284 2638 1340 2697 ei
1387 2638 1564 2710 dicat,
1614 2657 1719 2696 cur
1766 2635 1864 2713 ita*
1898 2634 2061 2707 faciS,

104 2724 183 2783 de
232 2725 435 2804 poeni.
469 2725 590 2786 dist.
622 2727 708 2787 III.
742 2727 1054 2805 Quamvis.
1115 2727 1244 2808 Ipse
1283 2727 1443 2787 enim
1491 2724 1696 2807 potest
1742 2724 1921 2805 supra
1956 2722 2060 2802 jus

103 2812 474 2892 dispensare,
532 2817 612 2876 de
672 2818 901 2878 conces.
960 2818 1254 2898 praeben.
1303 2814 1675 2897 proposuisti.
1766 2813 1921 2874 Item
1980 2813 2059 2873 de

93 2901 318 2981 justitia
349 2903 553 2984 potest
584 2905 790 2967 facere
812 2965 819 2972 ,
839 2907 1196 2987 injustitiam,
1245 2906 1620 2989 corrigendo
1652 2902 1797 2983 jura
1830 2915 1894 2963 et
1926 2923 2057 2962 mu-

102 2992 320 3067 tando,
370 3007 520 3054 extr.
567 2995 647 3055 de
697 2995 921 3075 appell.
1013 2998 1099 3058 Ut
1145 2996 1414 3071 debituS,
1470 3008 1535 3056 et
1582 2995 1662 3055 de
1712 2991 2058 3074 consangui.

101 3081 245 3142 Non
293 3083 498 3144 debet.
570 3084 652 3145 Et
699 3084 1144 3165 plenitudinem
1192 3086 1433 3147 obtinet
1480 3083 1801 3165 potestatis
1849 3081 1912 3141 II.
1960 3102 2057 3161 qu.

102 3169 197 3230 VI.
229 3171 501 3233 decretO.
559 3174 737 3234 Haec
771 3177 977 3236 omnia
1022 3174 1346 3256 praedicta
1391 3174 1606 3258 glossa,
1655 3192 1816 3253 quae
1850 3170 2058 3231 omnia

103 3258 263 3321 bene
322 3261 707 3324 considerata
754 3277 819 3324 et
872 3266 1228 3345 ponderata
1286 3264 1734 3327 conclusionem
1789 3258 2056 3321 nostram

101 3348 404 3412 roborant
450 3364 516 3412 et
561 3352 1053 3433 praeadduc'tam
1112 3355 1485 3415 contrariam
1541 3351 1803 3436 glossam
1858 3350 2053 3428 impu-

100 3450 314 3520 gnant.
378 3439 640 3503 sienim
679 3464 848 3524 papa
895 3442 1158 3506 coeleste
1206 3444 1397 3505 habet
1445 3442 1775 3515 arbitrium,
1824 3437 2053 3501 nonnifi

101 3526 180 3587 ab
215 3546 293 3588 eo
329 3530 428 3609 qui
473 3529 652 3612 super
699 3530 913 3594 coelos
963 3532 1062 3608 est,
1110 3531 1313 3613 potest
1348 3527 1642 3612 judicaris
1684 3531 1750 3591 Si
1783 3548 1908 3591 non
1951 3525 2052 3600 est,
