2352 3808
1201 111 1271 163 34

922 335 1039 394 VII.
1098 336 1548 399 CoNCLUSIO.

262 466 425 536 Quod
466 468 517 518 in
558 466 666 518 solo
706 484 848 534 papa
887 467 1078 517 resldet
1120 467 1362 535 suprema
1407 469 1645 536 potestas
1684 469 1769 520 seu
1809 467 2084 537 plenitudo
2122 487 2208 523 ec-

446 541 759 593 clesiasticae
799 541 1099 608 potestatiS‚
1143 543 1225 592 cui
1266 543 1438 593 omnis
1477 542 1578 594 alia
1615 543 1851 612 potestas
1889 551 1999 596 tam
2039 544 2209 598 eccle-

444 616 644 668 fiastica
692 632 852 683 quam
897 623 1107 667 terrena
1157 615 1441 668 subservire
1481 617 1931 680 etadminiculari
1982 626 2207 672 tenetur.

390 734 693 821 Probatur
712 733 1010 795 conclufio
1030 736 1228 814 primo
1245 738 1454 815 quoad
1466 737 1726 815 primam
1743 751 2005 817 partem,
2024 760 2210 819 quum
2247 739 2249 742 ⁴
2274 749 2280 753 '

260 828 317 885 in
359 826 525 886 omni
573 825 1012 883 communitate
1061 825 1224 884 bene
1273 826 1559 886 ordinata
1607 840 1863 906 oportet
1911 829 2076 906 apud
2118 827 2209 888 su-
2253 829 2256 832 ’

259 935 540 994 premum
574 927 759 992 caput
793 927 855 972 et
887 914 1225 993 principem
1258 912 1408 974 illius
1457 917 1907 976 communitatis
1943 916 2209 976 refidere

258 997 505 1083 plenam
539 1002 912 1081 potestatem
944 1002 1002 1061 se
1038 1004 1480 1063 extendentem
1513 1006 1591 1063 ad
1633 1006 1839 1065 omnia
1879 1007 2209 1066 necessaria

259 1107 323 1153 et
381 1093 703 1151 evidenter
762 1092 1154 1170 expedientia
1187 1093 1371 1167 ‚bono
1421 1091 1791 1172 reipublicae
1839 1092 1991 1154 illius
2040 1114 2208 1156 com-

258 1183 581 1242 munitatis,
651 1181 834 1240 Entia
883 1182 1043 1240 enim
1090 1180 1199 1240 see.
1247 1180 1454 1260 philos.
1503 1180 1719 1242 nolunt
1765 1182 1926 1243 male
1975 1183 2208 1262 disponi

258 1272 381 1331 XII.
430 1270 700 1348 metaph.
776 1268 943 1329 Male
1004 1283 1212 1329 autem
1261 1270 1731 1350 disponerentur
1778 1272 1876 1331 nifi
1933 1273 1992 1331 in
2039 1292 2207 1332 com-

259 1361 554 1420 munitate
598 1360 746 1418 esset
779 1380 931 1418 unus
979 1359 1292 1438 supremus
1341 1359 1550 1420 1·εᾶοΓ
1583 1374 1646 1420 et
1678 1361 2048 1439 praefidens,
2095 1381 2210 1440 per

259 1450 425 1528 cujus
486 1447 921 1508 auctoritatem
981 1462 1044 1507 et
1101 1448 1471 1527 potestatem
1531 1463 1888 1509 arcerentur
1946 1449 2087 1510 mali
2145 1464 2209 1510 et

259 1551 780 1617 promoverentur
838 1538 985 1596 boni
1034 1552 1097 1597 et
1147 1557 1364 1597 omnes
1414 1553 1478 1598 et
1525 1537 1734 1620 finguli
1794 1540 2208 1621 dirigerentur

258 1629 492 1707 absque
544 1628 986 1705 impedimento
1021 1628 1101 1686 ad
1134 1627 1318 1686 finem
1359 1627 1633 1687 ultimum
1668 1641 1731 1687 et
1763 1629 1994 1691 bonum
2042 1629 2238 1707 prin-'

254 1717 532 1795 ‘cipaliter
580 1718 897 1788 intentum,
957 1717 1036 1775 ad
1086 1717 1254 1796 quod
1304 1716 1388 1775 est
1435 1715 1534 1775 illa
1586 1718 1992 1776 communitas
2042 1718 2205 1777 ordi-

260 1820 418 1864 nata.
476 1805 728 1864 Constat
769 1819 993 1877 autem,
1042 1806 1211 1884 quod
1244 1827 1412 1884 papa
1445 1805 1528 1865 est
1560 1805 1873 1884 supremus
1921 1807 2207 1885 princeps

259 1909 322 1955 et
369 1893 575 1973 pastor
623 1892 909 1953 ecclefiae
959 1915 1043 1952 ac
1077 1895 1263 1953 totius
1324 1894 1676 1953 christianae
1736 1895 2205 1963 communitatis,

258 2005 443 2063 quam
489 1983 752 2042 Christus
799 1982 902 2042 sub
951 2003 1030 2042 eo
1081 1996 1374 2062 tanquam
1420 1983 1523 2042 sub
1573 2004 1695 2043 uno
1744 1981 2057 2062 principali
2104 2004 2204 2043 ca-

258 2074 385 2151 pite
420 2085 483 2131 et
515 2071 759 2150 pastore
807 2073 1153 2152 gerendam
1201 2071 1483 2150 disposuit
1517 2085 1581 2131 et
1621 2073 1854 2150 optime
1903 2073 2206 2132 ordinavit

258 2163 495 2221 dicens:
545 2162 680 2220 Fiat
720 2183 904 2220 unum
937 2159 1097 2220 ovile
1133 2174 1196 2220 et
1228 2182 1380 2220 unus
1413 2161 1635 2239 pastor,
1681 2161 1770 2238 Jo.
1803 2161 1912 2231 X.,.
1946 2174 2009 2230 et
2042 2160 2203 2240 ejus-

258 2252 401 2310 dem
433 2251 626 2309 XXI.:
674 2250 854 2309 Pasce
905 2269 1057 2308 oves
1106 2270 1277 2309 meas
1312 2249 1413 2309 &c
1481 2250 1660 2308 Unde
1695 2263 1951 2328 oportet
1981 2250 2042 2309 in
2075 2249 2202 2329 ipso

257 2360 423 2418 papa
470 2338 597 2399 solo
646 2359 887 2417 ponere
937 2339 1094 2397 hanc
1140 2338 1484 2417 supremam
1532 2337 2039 2417 potestatemseu
2071 2337 2204 2417 ple-

259 2429 591 2490 nitudinem
624 2427 962 2506 potestatiS‚
1011 2450 1146 2486 cum
1194 2429 1253 2486 id
1301 2428 1471 2507 quod
1518 2428 1863 2506 supremum
1897 2427 1982 2487 est
2018 2426 2203 2507 pluri—

257 2518 368 2576 bus
418 2518 750 2577 convenire
801 2534 925 2574 non
973 2516 1165 2595 posfit.
1222 2516 1303 2575 Et
1351 2517 1493 2576 ideo
1541 2515 1741 2597 glossa
1785 2515 1966 2594 super
2006 2516 2202 2577 verbo

257 2605 609 2685 praedicto:
658 2605 838 2665 Pasce
888 2627 1040 2665 oves
1089 2626 1279 2678 meaS‚
1327 2606 1483 2676 dicit,
1532 2606 1702 2684 quod
1738 2618 1880 2664 tunc
1927 2606 2076 2665 data
2121 2603 2205 2664 est

256 2697 449 2755 Petro
512 2693 832 2773 plenitudo
902 2694 1239 2773 potestatiS‚
1314 2706 1379 2753 et
1447 2693 1892 2773 consequenter
1961 2691 2203 2754 cuilibet

241 2783 565 2844 ‘successori
623 2783 758 2860 suo;
813 2804 955 2842 nam
1003 2781 1257 2862 quilibet
1304 2783 1611 2841 assumitur
1658 2783 1714 2841 in
1762 2780 2203 2861 plenitudinem

256 2872 576 2950 potestatis
623 2872 684 2930 ΙΙ.
725 2894 821 2951 qu,
855 2872 949 2931 VI.
998 2872 1272 2943 decreto,
1321 2884 1384 2930 et
1434 2884 1583 2930 extr.
1632 2872 1711 2930 de
1760 2871 1859 2930 usu
1907 2869 2072 2950 pallii
2119 2871 2201 2930 ad

256 2961 575 3020 honorem.
650 2961 734 3020 Et
790 2961 1063 3020 breviter
1119 2961 1324 3020 omnia
1371 2960 1514 3038 jura
1573 2961 1866 3020 canonica
1919 2958 2200 3030 clamant,

255 3070 485 3128 papam
530 3049 765 3110 habere
812 3048 1255 3128 plenitudinem
1302 3048 1649 3127 potestatis;
1697 3062 1943 3109 ceteros
1990 3060 2199 3107 autem

255 3152 515 3198 vocatos
564 3139 622 3197 in
669 3151 912 3217 partem
959 3137 1359 3198 solicitudinis,
1427 3139 1561 3197 Nec
1605 3138 1911 3216 reperitur
1946 3135 2050 3215 jus
2098 3138 2198 3196 c‘a-

256 3226 540 3286 nonicum
586 3225 685 3286 vel
734 3228 1018 3298 divinum,
1078 3228 1247 3306 quod
1306 3227 1483 3298 dicat,
1542 3226 1698 3285 hanc
1754 3224 2198 3304 plenitudinem

257 3314 376 3373 esse
436 3315 495 3373 in
552 3313 757 3394 aliquo
821 3313 1103 3397 fingulari
1169 3315 1474 3394 supposito
1533 3313 1631 3374 vel
1690 3311 2035 3393 particulari
2093 3325 2199 3374 aut

248 3400 571 3463 universali
620 3402 905 3485 collegio.
1336 3484 1340 3487 Δ

384 3491 673 3550 Secunda
743 3494 927 3552 etiam
990 3513 1136 3571 pars
1200 3490 1592 3553 concluslonis
1657 3489 1987 3570 probatur,
2057 3488 2198 3570 quia
