2352 3808
1155 149 1228 203 44

219 348 379 408 quae
414 328 494 387 acl
530 325 695 388 illum
742 326 926 386 finem
972 327 1216 400 faciunt,
1264 348 1389 387 non
1437 340 1646 387 tamen
1695 347 1855 406 quae
1902 326 2003 386 fini
2051 327 2164 388 ob-

217 416 536 477 versantur
569 429 633 476 et
665 417 993 496 derogant.
1063 416 1158 476 Ex
1190 415 1407 495 quibus
1454 415 1736 496 sequitur,
1785 416 1953 495 quod
1999 427 2167 495 papa

217 505 338 565 fine
396 505 773 584 praejudicio
830 504 1007 564 officii
1055 505 1155 564 fibi
1212 506 1423 565 crediti
1470 525 1596 566 non
1650 504 1853 584 potest
1905 503 2167 565 totalem

217 593 382 654 suam
441 593 875 654 au&oritatem
923 594 979 652 in
1030 592 1347 654 concilium
1404 595 1741 654 transferre
1797 593 1855 653 se
1904 591 2006 653 illa
2060 614 2166 653 ex-

217 682 530 763 poliando,
579 682 678 741 nifi
725 682 904 761 super
951 683 1070 743 hoc
1116 695 1382 761 apparet
1418 684 1496 742 de
1545 680 1889 762 principalis
1939 683 2168 743 domini

219 772 400 831 nostri
432 771 565 850 Jesu
601 771 812 830 Christi
860 770 1100 850 speciali
1149 771 1561 832 commissione
1611 785 1674 831 et
1722 770 2023 832 consensu.
2084 770 2167 831 Et

217 861 354 920 hinc
402 860 501 933 est,
551 861 720 940 quod
768 861 909 920 dicit
955 858 1322 939 Apostolus:
1370 860 1546 920 Pofiti
1594 859 1728 920 estis
1776 861 1835 920 in
1883 859 2168 920 aedifica-
2213 859 2224 872 ’

219 950 452 1013 tionem
511 970 636 1010 non
695 948 1197 1020 destrucfftionem,
1256 949 1324 1008 se.
1379 949 1663 1019 vestram,
1723 970 1837 1009 nec
1893 948 2168 1020 aliorum,

215 1039 277 1098 ΙΙ.
326 1039 467 1099 Cor.
513 1039 606 1106 X..
656 1051 719 1097 et
768 1039 954 1098 etiam
1001 1037 1214 1098 ultimo
1265 1037 1555 1117 capitulis

900 1202 976 1261 X.
1037 1202 1486 1263 CoNCLUs1o.

219 1311 384 1402 Quod
414 1334 449 1384 fi
477 1351 653 1401 papae
695 1333 947 1385 sententia
975 1333 1058 1385 vel
1093 1334 1368 1384 decretum
1410 1333 1646 1402 indigeat
1685 1332 2059 1387 retraGtatione
2085 1333 2170 1386 vel

401 1407 752 1471 correOEtione,
795 1409 900 1459 hoc
939 1426 1047 1459 non
1087 1408 1252 1459 debet
1290 1408 1403 1459 fieri
1443 1426 1540 1476 per
1579 1408 1859 1460 concilium
1885 1407 1970 1459 vel
2010 1407 2168 1460 aliurn

401 1500 797 1608 quergcunque,
862 1483 949 1533 sed
1003 1500 1100 1551 per
1154 1482 1381 1534 eundem
1431 1500 1627 1562 papam
1681 1483 1767 1535 vel
1827 1482 2169 1535 successorem

403 1574 515 1624 eJus
556 1574 657 1608 em.

348 1662 430 1722 Et
477 1659 617 1722 licet
665 1662 819 1721 haec
868 1660 1165 1722 conclufio
1217 1661 1355 1722 satis
1403 1661 1583 1741 posfit
1630 1662 1905 1722 constare
1954 1684 2031 1722 ex
2077 1662 2168 1722 his

216 1771 379 1831 quae
427 1752 484 1810 in
531 1751 593 1810 ΙΙ.
634 1749 1017 1811 conclusione
1066 1749 1231 1811 dicta
1277 1751 1424 1823 sunt,
1473 1764 1683 1811 tamen
1732 1752 1930 1811 adhuc
1976 1752 2168 1812 robo-

215 1853 401 1899 ratur.
490 1840 650 1899 Nam
710 1839 970 1913 constat,
1030 1841 1199 1919 quod
1258 1839 1585 1900 secundum
1646 1861 1896 1911 omnem
1953 1861 2169 1900 veram

215 1927 663 2007 philosophiam
697 1930 754 1987 in
804 1929 987 1988 causis
1023 1942 1086 1988 et
1127 1927 1399 2001 causatiS,
1446 1930 1836 1989 moventibus
1871 1942 1935 1989 et
1967 1929 2167 2004 motiS,

216 2036 343 2076 non
378 2017 462 2077 est
488 2018 800 2096 processus
827 2019 884 2077 in
911 2017 1221 2090 infinitum,
1254 2030 1319 2076 ut
1352 2018 1671 2078 deducitur
1696 2040 1773 2078 ex
1796 2018 1857 2077 II.
1882 2018 2168 2098 metaph,

216 2105 319 2165 sed
354 2105 438 2165 est
470 2107 763 2166 devenire
797 2108 875 2166 ad
909 2129 1093 2166 unum
1141 2107 1419 2185 primum,
1469 2107 1637 2186 quod
1677 2107 1750 2166 fic
1782 2120 1996 2167 movet
2033 2105 2167 2181 alia,

219 2195 388 2274 quod
436 2195 623 2274 ipsum
671 2216 708 2255 a
756 2194 920 2256 nullo
970 2209 1311 2256 moveatur.
1379 2195 1461 2255 Et
1493 2195 1634 2256 ficut
1667 2217 1791 2256 non
1827 2195 1911 2255 est
1942 2197 2000 2269 in
2033 2194 2167 2275 ipsis

219 2285 531 2362 processus
580 2286 638 2344 in
683 2284 992 2353 infinitum,
1042 2286 1126 2344 ita
1174 2305 1287 2344 nec
1335 2285 1521 2344 etiam
1570 2286 1798 2344 ordinis
1848 2298 2167 2367 retrogra-

219 2373 388 2432 datio
438 2374 523 2432 ita
571 2374 741 2453 quod
789 2387 1117 2434 moveatur
1164 2394 1424 2433 movens
1474 2394 1510 2432 a
1557 2386 1751 2434 moto,
1828 2374 1892 2432 In
1953 2374 2168 2434 ordine
2215 2392 2218 2394 ’

221 2463 428 2540 itaque
458 2462 862 2522 humanarum
894 2483 1119 2531 rerum,
1155 2463 1255 2542 qui
1282 2464 1360 2521 ab
1387 2462 1605 2522 ordine
1638 2460 1956 2522 universali
1981 2463 2169 2522 totius

220 2551 492 2621 univerfi,
541 2552 640 2631 qui
690 2551 774 2610 est
822 2552 981 2611 ordo
1031 2550 1473 2632 intelligentiae
1507 2564 1571 2610 et
1603 2565 1861 2611 naturae
1910 2572 2034 2611 non
2071 2572 2168 2610 er-

222 2639 438 2709 rantiS,
496 2660 620 2700 non
668 2641 1034 2721 degenerat,
1089 2640 1192 2700 sed
1240 2638 1403 2699 illurn
1452 2653 1747 2718 quantum
1794 2639 1994 2718 potest
2040 2640 2168 2699 irni-

222 2741 403 2799 tatur,
451 2729 594 2788 ficut
628 2729 786 2789 ordo
831 2730 1023 2808 partis
1059 2729 1341 2788 ordinem
1375 2730 1581 2800 totiuS,
1629 2729 1687 2787 in
1721 2728 2169 2814 corrigentibus
2251 2807 2254 2811 ι

223 2829 286 2876 et
334 2815 626 2876 corre6Hs
688 2836 811 2876 non
871 2818 985 2878 erit
1042 2818 1352 2896 processus
1401 2817 1459 2875 in
1518 2816 1839 2889 infinitum,
1896 2815 2000 2876 sed
2054 2817 2170 2876 erit

221 2905 431 2965 venire
481 2906 560 2965 ad
607 2900 794 2988 unum
842 2907 1132 2986 primum,
1192 2906 1292 2986 qui
1339 2905 1413 2965 fic
1471 2904 1623 2966 alios
1681 2905 1961 2986 corrigit,
2020 2918 2086 2964 ut
2133 2925 2170 2963 a

224 2994 466 3054 nemine
514 2995 874 3076 corrigatur.
943 2995 1060 3054 Hic
1107 3007 1316 3055 autem
1349 2994 1434 3054 est
1466 2993 1563 3054 ille
1612 2995 1703 3053 cui
1734 2995 2002 3073 aprimo
2035 2993 2168 3052 fim-

223 3081 457 3160 pliciter
490 3096 738 3144 motore
772 3097 835 3144 et
869 3082 1225 3144 correcffwre
1274 3081 1500 3143 distum
1533 3083 1642 3143 est:
1689 3083 1787 3142 Tu
1835 3079 2168 3162 aliquando

224 3171 547 3232 conversus
596 3171 892 3233 confirma
938 3173 1163 3233 fratres
1212 3185 1367 3232 tuos
1422 3172 1538 3231 Hic
1577 3172 1777 3252 igitur,
1826 3170 1930 3231 etfi
1963 3172 2021 3230 in
2053 3191 2168 3252 ge-

226 3278 374 3317 nere
421 3259 487 3318 fit
536 3260 991 3342 corrigibilium,
1040 3262 1180 3340 quia
1226 3261 1416 3322 homo
1467 3260 1574 3332 est,
1622 3273 1685 3320 et
1732 3260 1930 3320 omnis
1978 3259 2168 3320 homo

225 3348 507 3417 mendax,
555 3369 593 3407 a
633 3348 798 3411 nullo
848 3350 1195 3430 corrigetur
1241 3350 1568 3423 hominum,
1616 3348 1715 3407 nifi
1761 3346 2017 3407 velimus
2067 3368 2168 3408 or·-

226 3435 430 3494 dinem
477 3439 941 3518 retrogradare,
989 3451 1052 3498 et
1085 3438 1164 3497 ab
1198 3439 1414 3499 ordine
1458 3435 1712 3497 univerfi
1743 3437 2058 3508 recedere,
2106 3447 2170 3495 et

225 3523 587 3584 habebimus
636 3546 859 3603 corpus
909 3526 1360 3608 monstruosum.
1435 3526 1517 3586 Et
1565 3538 1855 3585 notanter
1888 3526 2073 3584 dico:
2131 3543 2168 3581 a
