<?xml version="1.0" encoding="UTF-8"?>
<!DOCTYPE html PUBLIC "-//W3C//DTD XHTML 1.0 Transitional//EN"
    "http://www.w3.org/TR/xhtml1/DTD/xhtml1-transitional.dtd">
<html xmlns="http://www.w3.org/1999/xhtml" xml:lang="en" lang="en">
 <head>
  <title>
</title>
<meta http-equiv="Content-Type" content="text/html;charset=utf-8" />
  <meta name='ocr-system' content='tesseract 3.04.00' />
  <meta name='ocr-capabilities' content='ocr_page ocr_carea ocr_par ocr_line ocrx_word'/>
</head>
<body>
  <div class='ocr_page' id='page_1' title='image "a609733400torquoft_0088.png"; bbox 0 0 2352 3808; ppageno 0'>
   <div class='ocr_carea' id='block_1_1' title="bbox 1213 106 1285 160">
    <p class='ocr_par' dir='ltr' id='par_1_1' title="bbox 1213 106 1285 160">
     <span class='ocr_line' id='line_1_1' title="bbox 1213 106 1285 160; baseline -0.028 0"><span class='ocrx_word' id='word_1_1' title='bbox 1213 106 1285 160; x_wconf 86' lang='lat'><strong>74</strong></span> 
     </span>
    </p>
   </div>
   <div class='ocr_carea' id='block_1_2' title="bbox 1114 182 1378 187">
    <p class='ocr_par' dir='ltr' id='par_1_2' title="bbox 1114 182 1378 187">
     <span class='ocr_line' id='line_1_2' title="bbox 1114 182 1378 187; baseline 0 0"><span class='ocrx_word' id='word_1_2' title='bbox 1114 182 1378 187; x_wconf 95' lang='lat' dir='ltr'><strong> </strong></span> 
     </span>
    </p>
   </div>
   <div class='ocr_carea' id='block_1_3' title="bbox 264 280 2276 3569">
    <p class='ocr_par' dir='ltr' id='par_1_3' title="bbox 264 280 2276 3569">
     <span class='ocr_line' id='line_1_3' title="bbox 273 280 2221 366; baseline 0.006 -25"><span class='ocrx_word' id='word_1_3' title='bbox 273 280 586 343; x_wconf 88' lang='lat' dir='ltr'><strong>severaret</strong></span> <span class='ocrx_word' id='word_1_4' title='bbox 649 296 866 344; x_wconf 91' lang='lat' dir='ltr'><strong>contra</strong></span> <span class='ocrx_word' id='word_1_5' title='bbox 927 283 1114 363; x_wconf 92' lang='lat' dir='ltr'><strong>ipsum</strong></span> <span class='ocrx_word' id='word_1_6' title='bbox 1177 298 1471 365; x_wconf 81' lang='lat' dir='ltr'>tanquam</span> <span class='ocrx_word' id='word_1_7' title='bbox 1534 286 1665 366; x_wconf 84' lang='lat' dir='ltr'><strong>ejus</strong></span> <span class='ocrx_word' id='word_1_8' title='bbox 1725 289 2108 351; x_wconf 89' lang='lat' dir='ltr'><strong>immediatus</strong></span> <span class='ocrx_word' id='word_1_9' title='bbox 2157 304 2221 352; x_wconf 89' lang='lat' dir='ltr'><strong>et</strong></span> 
     </span>
     <span class='ocr_line' id='line_1_4' title="bbox 274 371 2220 457; baseline 0.005 -27"><span class='ocrx_word' id='word_1_10' title='bbox 274 371 620 452; x_wconf 90' lang='lat' dir='ltr'><strong>principalis</strong></span> <span class='ocrx_word' id='word_1_11' title='bbox 683 374 963 433; x_wconf 86' lang='lat' dir='ltr'><strong>dominus</strong></span> <span class='ocrx_word' id='word_1_12' title='bbox 1029 387 1093 432; x_wconf 92' lang='lat' dir='ltr'><strong>et</strong></span> <span class='ocrx_word' id='word_1_13' title='bbox 1155 375 1255 453; x_wconf 90' lang='lat' dir='ltr'><strong>qui</strong></span> <span class='ocrx_word' id='word_1_14' title='bbox 1317 372 1474 435; x_wconf 89' lang='lat' dir='ltr'><strong>solus</strong></span> <span class='ocrx_word' id='word_1_15' title='bbox 1537 377 1594 435; x_wconf 91' lang='lat' dir='ltr'><strong>in</strong></span> <span class='ocrx_word' id='word_1_16' title='bbox 1654 398 1795 436; x_wconf 92' lang='lat' dir='ltr'><strong>eum</strong></span> <span class='ocrx_word' id='word_1_17' title='bbox 1850 378 2220 457; x_wconf 91' lang='lat' dir='ltr'><strong>potestatem</strong></span> 
     </span>
     <span class='ocr_line' id='line_1_5' title="bbox 272 460 2218 546; baseline 0.005 -27"><span class='ocrx_word' id='word_1_18' title='bbox 272 461 534 522; x_wconf 91' lang='lat' dir='ltr'><strong>haberet</strong></span> <span class='ocrx_word' id='word_1_19' title='bbox 579 462 639 522; x_wconf 93' lang='lat' dir='ltr'><strong>se</strong></span> <span class='ocrx_word' id='word_1_20' title='bbox 687 460 906 521; x_wconf 88' lang='lat' dir='ltr'><strong>volens</strong></span> <span class='ocrx_word' id='word_1_21' title='bbox 957 462 1283 522; x_wconf 88' lang='lat' dir='ltr'><strong>ostendere</strong></span> <span class='ocrx_word' id='word_1_22' title='bbox 1346 463 1427 523; x_wconf 91' lang='lat' dir='ltr'><strong>sui</strong></span> <span class='ocrx_word' id='word_1_23' title='bbox 1475 467 1777 526; x_wconf 91' lang='lat' dir='ltr'><strong>tremendi</strong></span> <span class='ocrx_word' id='word_1_24' title='bbox 1834 466 2041 546; x_wconf 91' lang='lat' dir='ltr'><strong>judicii</strong></span> <span class='ocrx_word' id='word_1_25' title='bbox 2087 468 2218 529; x_wconf 86' lang='lat' dir='ltr'><strong>sen-</strong></span> 
     </span>
     <span class='ocr_line' id='line_1_6' title="bbox 272 549 2218 618; baseline 0.004 -8"><span class='ocrx_word' id='word_1_26' title='bbox 272 552 529 610; x_wconf 88' lang='lat' dir='ltr'><strong>tentiam</strong></span> <span class='ocrx_word' id='word_1_27' title='bbox 591 549 738 610; x_wconf 90' lang='lat' dir='ltr'><strong>tulit.</strong></span> <span class='ocrx_word' id='word_1_28' title='bbox 844 551 1007 610; x_wconf 90' lang='lat' dir='ltr'><strong>Nam</strong></span> <span class='ocrx_word' id='word_1_29' title='bbox 1081 553 1225 611; x_wconf 91' lang='lat' dir='ltr'><strong>dum</strong></span> <span class='ocrx_word' id='word_1_30' title='bbox 1296 573 1430 612; x_wconf 92' lang='lat' dir='ltr'><strong>cum</strong></span> <span class='ocrx_word' id='word_1_31' title='bbox 1492 555 1877 615; x_wconf 91' lang='lat' dir='ltr'><strong>meretricula</strong></span> <span class='ocrx_word' id='word_1_32' title='bbox 1937 556 2057 616; x_wconf 90' lang='lat' dir='ltr'><strong>fine</strong></span> <span class='ocrx_word' id='word_1_33' title='bbox 2119 558 2218 618; x_wconf 93' lang='lat' dir='ltr'><strong>dei</strong></span> 
     </span>
     <span class='ocr_line' id='line_1_7' title="bbox 272 637 2219 724; baseline 0.003 -25"><span class='ocrx_word' id='word_1_34' title='bbox 272 640 491 700; x_wconf 91' lang='lat' dir='ltr'><strong>timore</strong></span> <span class='ocrx_word' id='word_1_35' title='bbox 526 637 961 714; x_wconf 58' lang='lat' dir='ltr'><strong>obleEtaretur,</strong></span> <span class='ocrx_word' id='word_1_36' title='bbox 1008 639 1200 702; x_wconf 92' lang='lat' dir='ltr'><strong>subito</strong></span> <span class='ocrx_word' id='word_1_37' title='bbox 1250 642 1451 702; x_wconf 90' lang='lat' dir='ltr'><strong>divina</strong></span> <span class='ocrx_word' id='word_1_38' title='bbox 1497 642 1760 704; x_wconf 58' lang='lat' dir='ltr'><strong>vindiffi‘ta</strong></span> <span class='ocrx_word' id='word_1_39' title='bbox 1807 646 2112 724; x_wconf 90' lang='lat' dir='ltr'><strong>percussus</strong></span> <span class='ocrx_word' id='word_1_40' title='bbox 2160 647 2219 706; x_wconf 89' lang='lat' dir='ltr'><strong>in</strong></span> 
     </span>
     <span class='ocr_line' id='line_1_8' title="bbox 271 729 2276 810; baseline 0.004 -23"><span class='ocrx_word' id='word_1_41' title='bbox 271 743 558 808; x_wconf 77' lang='lat' dir='ltr'>tympora</span> <span class='ocrx_word' id='word_1_42' title='bbox 604 729 726 788; x_wconf 86' lang='lat' dir='ltr'><strong>fine</strong></span> <span class='ocrx_word' id='word_1_43' title='bbox 772 730 1159 808; x_wconf 91' lang='lat' dir='ltr'><strong>poenitentia</strong></span> <span class='ocrx_word' id='word_1_44' title='bbox 1208 731 1523 810; x_wconf 81' lang='lat' dir='ltr'>expiravit,</span> <span class='ocrx_word' id='word_1_45' title='bbox 1571 746 1638 792; x_wconf 93' lang='lat' dir='ltr'><strong>ut</strong></span> <span class='ocrx_word' id='word_1_46' title='bbox 1670 734 1832 793; x_wconf 93' lang='lat' dir='ltr'><strong>idem</strong></span> <span class='ocrx_word' id='word_1_47' title='bbox 1865 735 2217 795; x_wconf 86' lang='lat' dir='ltr'><strong>Vincentius</strong></span> <span class='ocrx_word' id='word_1_48' title='bbox 2267 776 2276 788; x_wconf 66' lang='grc'><strong>»</strong></span> 
     </span>
     <span class='ocr_line' id='line_1_9' title="bbox 270 809 2216 902; baseline 0.003 -24"><span class='ocrx_word' id='word_1_49' title='bbox 270 809 475 878; x_wconf 82' lang='lat' dir='ltr'><strong>refert.</strong></span> <span class='ocrx_word' id='word_1_50' title='bbox 578 818 722 895; x_wconf 72' lang='lat' dir='ltr'><strong>Quo</strong></span> <span class='ocrx_word' id='word_1_51' title='bbox 786 832 1033 879; x_wconf 93' lang='lat' dir='ltr'><strong>mortuo</strong></span> <span class='ocrx_word' id='word_1_52' title='bbox 1094 819 1320 879; x_wconf 90' lang='lat' dir='ltr'><strong>assensu</strong></span> <span class='ocrx_word' id='word_1_53' title='bbox 1382 823 1651 880; x_wconf 91' lang='lat' dir='ltr'><strong>omnium</strong></span> <span class='ocrx_word' id='word_1_54' title='bbox 1708 823 2025 902; x_wconf 89' lang='lat' dir='ltr'><strong>praefatus</strong></span> <span class='ocrx_word' id='word_1_55' title='bbox 2083 824 2216 885; x_wconf 94' lang='lat' dir='ltr'><strong>Leo</strong></span> 
     </span>
     <span class='ocr_line' id='line_1_10' title="bbox 270 906 2218 989; baseline 0.003 -22"><span class='ocrx_word' id='word_1_56' title='bbox 270 906 516 988; x_wconf 83' lang='lat' dir='ltr'><strong>eligitur</strong></span> <span class='ocrx_word' id='word_1_57' title='bbox 564 921 627 967; x_wconf 92' lang='lat' dir='ltr'><strong>et</strong></span> <span class='ocrx_word' id='word_1_58' title='bbox 675 908 732 967; x_wconf 89' lang='lat' dir='ltr'><strong>in</strong></span> <span class='ocrx_word' id='word_1_59' title='bbox 780 907 923 968; x_wconf 92' lang='lat' dir='ltr'><strong>sede</strong></span> <span class='ocrx_word' id='word_1_60' title='bbox 970 909 1132 968; x_wconf 89' lang='lat' dir='ltr'><strong>Petri</strong></span> <span class='ocrx_word' id='word_1_61' title='bbox 1182 910 1473 970; x_wconf 93' lang='lat' dir='ltr'><strong>canonice</strong></span> <span class='ocrx_word' id='word_1_62' title='bbox 1522 909 1871 972; x_wconf 91' lang='lat' dir='ltr'><strong>collocatur.</strong></span> <span class='ocrx_word' id='word_1_63' title='bbox 1964 912 2106 989; x_wconf 77' lang='lat' dir='ltr'><strong>Quo</strong></span> <span class='ocrx_word' id='word_1_64' title='bbox 2159 914 2218 973; x_wconf 89' lang='lat' dir='ltr'><strong>in</strong></span> 
     </span>
     <span class='ocr_line' id='line_1_11' title="bbox 268 995 2215 1082; baseline 0.003 -26"><span class='ocrx_word' id='word_1_65' title='bbox 268 995 433 1057; x_wconf 69' lang='lat' dir='ltr'><strong>fa6³to</strong></span> <span class='ocrx_word' id='word_1_66' title='bbox 471 996 733 1057; x_wconf 89' lang='lat' dir='ltr'><strong>Christus</strong></span> <span class='ocrx_word' id='word_1_67' title='bbox 767 996 904 1058; x_wconf 88' lang='lat' dir='ltr'><strong>satis</strong></span> <span class='ocrx_word' id='word_1_68' title='bbox 939 996 1064 1076; x_wconf 91' lang='lat' dir='ltr'><strong>ipso</strong></span> <span class='ocrx_word' id='word_1_69' title='bbox 1101 1018 1296 1077; x_wconf 91' lang='lat' dir='ltr'><strong>opere</strong></span> <span class='ocrx_word' id='word_1_70' title='bbox 1330 999 1782 1074; x_wconf 87' lang='lat' dir='ltr'><strong>demonstravit,</strong></span> <span class='ocrx_word' id='word_1_71' title='bbox 1832 1002 1999 1082; x_wconf 91' lang='lat' dir='ltr'><strong>quod</strong></span> <span class='ocrx_word' id='word_1_72' title='bbox 2031 1022 2215 1081; x_wconf 92' lang='lat' dir='ltr'><strong>prae-</strong></span> 
     </span>
     <span class='ocr_line' id='line_1_12' title="bbox 267 1085 2215 1169; baseline 0.003 -24"><span class='ocrx_word' id='word_1_73' title='bbox 267 1085 372 1145; x_wconf 92' lang='lat' dir='ltr'><strong>lati</strong></span> <span class='ocrx_word' id='word_1_74' title='bbox 419 1087 625 1164; x_wconf 90' lang='lat' dir='ltr'><strong>potius</strong></span> <span class='ocrx_word' id='word_1_75' title='bbox 674 1087 989 1146; x_wconf 92' lang='lat' dir='ltr'><strong>debebant</strong></span> <span class='ocrx_word' id='word_1_76' title='bbox 1020 1086 1184 1147; x_wconf 93' lang='lat' dir='ltr'><strong>suam</strong></span> <span class='ocrx_word' id='word_1_77' title='bbox 1217 1087 1577 1149; x_wconf 79' lang='lat' dir='ltr'><strong>sententiam</strong></span> <span class='ocrx_word' id='word_1_78' title='bbox 1611 1088 1944 1168; x_wconf 58' lang='lat' dir='ltr'><strong>expeAEtare</strong></span> <span class='ocrx_word' id='word_1_79' title='bbox 1976 1092 2215 1169; x_wconf 87' lang='lat' dir='ltr'><strong>patien-</strong></span> 
     </span>
     <span class='ocr_line' id='line_1_13' title="bbox 269 1174 2215 1259; baseline 0.003 -25"><span class='ocrx_word' id='word_1_80' title='bbox 269 1189 379 1247; x_wconf 89' lang='lat' dir='ltr'><strong>ter,</strong></span> <span class='ocrx_word' id='word_1_81' title='bbox 414 1196 598 1255; x_wconf 93' lang='lat' dir='ltr'><strong>quam</strong></span> <span class='ocrx_word' id='word_1_82' title='bbox 624 1176 927 1235; x_wconf 81' lang='lat' dir='ltr'><strong>habentes</strong></span> <span class='ocrx_word' id='word_1_83' title='bbox 952 1174 1151 1236; x_wconf 87' lang='lat' dir='ltr'><strong>zelum</strong></span> <span class='ocrx_word' id='word_1_84' title='bbox 1175 1178 1306 1237; x_wconf 91' lang='lat' dir='ltr'><strong>sine</strong></span> <span class='ocrx_word' id='word_1_85' title='bbox 1338 1178 1592 1238; x_wconf 90' lang='lat' dir='ltr'><strong>scientia</strong></span> <span class='ocrx_word' id='word_1_86' title='bbox 1617 1192 1680 1238; x_wconf 93' lang='lat' dir='ltr'><strong>et</strong></span> <span class='ocrx_word' id='word_1_87' title='bbox 1705 1180 2094 1259; x_wconf 80' lang='lat' dir='ltr'><strong>impatientes</strong></span> <span class='ocrx_word' id='word_1_88' title='bbox 2127 1181 2215 1240; x_wconf 89' lang='lat' dir='ltr'><strong>di-</strong></span> 
     </span>
     <span class='ocr_line' id='line_1_14' title="bbox 264 1264 2214 1346; baseline 0.003 -23"><span class='ocrx_word' id='word_1_89' title='bbox 264 1266 443 1324; x_wconf 89' lang='lat' dir='ltr'><strong>vinae</strong></span> <span class='ocrx_word' id='word_1_90' title='bbox 492 1264 753 1343; x_wconf 90' lang='lat' dir='ltr'><strong>justitiae</strong></span> <span class='ocrx_word' id='word_1_91' title='bbox 811 1266 1120 1325; x_wconf 85' lang='lat' dir='ltr'><strong>scissuram</strong></span> <span class='ocrx_word' id='word_1_92' title='bbox 1183 1268 1240 1326; x_wconf 90' lang='lat' dir='ltr'><strong>in</strong></span> <span class='ocrx_word' id='word_1_93' title='bbox 1300 1287 1524 1346; x_wconf 89' lang='lat' dir='ltr'><strong>corpus</strong></span> <span class='ocrx_word' id='word_1_94' title='bbox 1582 1267 1748 1328; x_wconf 94' lang='lat' dir='ltr'><strong>suum</strong></span> <span class='ocrx_word' id='word_1_95' title='bbox 1810 1269 2100 1328; x_wconf 90' lang='lat' dir='ltr'><strong>inducere</strong></span> <span class='ocrx_word' id='word_1_96' title='bbox 2148 1282 2214 1329; x_wconf 91' lang='lat' dir='ltr'><strong>et</strong></span> 
     </span>
     <span class='ocr_line' id='line_1_15' title="bbox 267 1355 2216 1435; baseline 0.003 -22"><span class='ocrx_word' id='word_1_97' title='bbox 267 1356 324 1413; x_wconf 91' lang='lat' dir='ltr'><strong>in</strong></span> <span class='ocrx_word' id='word_1_98' title='bbox 372 1355 739 1414; x_wconf 87' lang='lat' dir='ltr'><strong>dominicam</strong></span> <span class='ocrx_word' id='word_1_99' title='bbox 771 1356 1020 1414; x_wconf 90' lang='lat' dir='ltr'><strong>messem</strong></span> <span class='ocrx_word' id='word_1_100' title='bbox 1052 1356 1171 1415; x_wconf 88' lang='lat' dir='ltr'><strong>fine</strong></span> <span class='ocrx_word' id='word_1_101' title='bbox 1209 1356 1365 1435; x_wconf 89' lang='lat' dir='ltr'><strong>jussu</strong></span> <span class='ocrx_word' id='word_1_102' title='bbox 1400 1358 1629 1416; x_wconf 90' lang='lat' dir='ltr'><strong>domini</strong></span> <span class='ocrx_word' id='word_1_103' title='bbox 1662 1355 1938 1417; x_wconf 89' lang='lat' dir='ltr'><strong>servilem</strong></span> <span class='ocrx_word' id='word_1_104' title='bbox 1970 1379 2216 1418; x_wconf 91' lang='lat' dir='ltr'><strong>manum</strong></span> 
     </span>
     <span class='ocr_line' id='line_1_16' title="bbox 266 1445 2214 1525; baseline 0.003 -23"><span class='ocrx_word' id='word_1_105' title='bbox 266 1445 604 1523; x_wconf 78' lang='lat' dir='ltr'><strong>imponere,</strong></span> <span class='ocrx_word' id='word_1_106' title='bbox 654 1445 1072 1519; x_wconf 84' lang='lat' dir='ltr'><strong>advertenteS,</strong></span> <span class='ocrx_word' id='word_1_107' title='bbox 1122 1447 1291 1525; x_wconf 91' lang='lat' dir='ltr'><strong>quod</strong></span> <span class='ocrx_word' id='word_1_108' title='bbox 1338 1447 1582 1524; x_wconf 89' lang='lat' dir='ltr'><strong>patiens</strong></span> <span class='ocrx_word' id='word_1_109' title='bbox 1615 1447 1950 1507; x_wconf 88' lang='lat' dir='ltr'><strong>retributor</strong></span> <span class='ocrx_word' id='word_1_110' title='bbox 1982 1447 2065 1507; x_wconf 88' lang='lat' dir='ltr'><strong>est</strong></span> <span class='ocrx_word' id='word_1_111' title='bbox 2101 1448 2214 1507; x_wconf 84' lang='lat' dir='ltr'><strong>do·-</strong></span> 
     </span>
     <span class='ocr_line' id='line_1_17' title="bbox 266 1533 2214 1616; baseline 0.002 -24"><span class='ocrx_word' id='word_1_112' title='bbox 266 1534 458 1593; x_wconf 90' lang='lat' dir='ltr'><strong>minus</strong></span> <span class='ocrx_word' id='word_1_113' title='bbox 497 1534 676 1613; x_wconf 85' lang='lat' dir='ltr'><strong>juxta</strong></span> <span class='ocrx_word' id='word_1_114' title='bbox 722 1533 1083 1593; x_wconf 92' lang='lat' dir='ltr'><strong>sententiam</strong></span> <span class='ocrx_word' id='word_1_115' title='bbox 1130 1534 1428 1614; x_wconf 80' lang='lat' dir='ltr'><strong>sapientis,</strong></span> <span class='ocrx_word' id='word_1_116' title='bbox 1520 1537 1601 1595; x_wconf 89' lang='lat' dir='ltr'><strong>Et</strong></span> <span class='ocrx_word' id='word_1_117' title='bbox 1647 1537 1706 1595; x_wconf 92' lang='lat' dir='ltr'><strong>hi</strong></span> <span class='ocrx_word' id='word_1_118' title='bbox 1752 1535 1884 1595; x_wconf 92' lang='lat' dir='ltr'><strong>sunt</strong></span> <span class='ocrx_word' id='word_1_119' title='bbox 1931 1557 2086 1616; x_wconf 91' lang='lat' dir='ltr'><strong>quos</strong></span> <span class='ocrx_word' id='word_1_120' title='bbox 2135 1536 2214 1596; x_wconf 93' lang='lat' dir='ltr'><strong>de</strong></span> 
     </span>
     <span class='ocr_line' id='line_1_18' title="bbox 265 1620 2213 1705; baseline 0.002 -23"><span class='ocrx_word' id='word_1_121' title='bbox 265 1637 499 1702; x_wconf 89' lang='lat' dir='ltr'><strong>papatu</strong></span> <span class='ocrx_word' id='word_1_122' title='bbox 560 1620 798 1702; x_wconf 71' lang='lat' dir='ltr'><strong>ejecOtos</strong></span> <span class='ocrx_word' id='word_1_123' title='bbox 858 1624 915 1682; x_wconf 90' lang='lat' dir='ltr'><strong>in</strong></span> <span class='ocrx_word' id='word_1_124' title='bbox 964 1625 1384 1683; x_wconf 87' lang='lat' dir='ltr'><strong>communibus</strong></span> <span class='ocrx_word' id='word_1_125' title='bbox 1433 1624 1728 1685; x_wconf 86' lang='lat' dir='ltr'><strong>chronicis</strong></span> <span class='ocrx_word' id='word_1_126' title='bbox 1778 1626 1994 1697; x_wconf 88' lang='lat' dir='ltr'><strong>inveni,</strong></span> <span class='ocrx_word' id='word_1_127' title='bbox 2058 1644 2213 1705; x_wconf 93' lang='lat' dir='ltr'><strong>quo-</strong></span> 
     </span>
     <span class='ocr_line' id='line_1_19' title="bbox 265 1713 2214 1795; baseline 0.001 -24"><span class='ocrx_word' id='word_1_128' title='bbox 265 1734 398 1772; x_wconf 93' lang='lat' dir='ltr'><strong>rum</strong></span> <span class='ocrx_word' id='word_1_129' title='bbox 467 1713 767 1792; x_wconf 90' lang='lat' dir='ltr'><strong>depofitio</strong></span> <span class='ocrx_word' id='word_1_130' title='bbox 841 1726 1138 1793; x_wconf 90' lang='lat' dir='ltr'><strong>quantum</strong></span> <span class='ocrx_word' id='word_1_131' title='bbox 1207 1714 1586 1792; x_wconf 82' lang='lat' dir='ltr'><strong>propositum</strong></span> <span class='ocrx_word' id='word_1_132' title='bbox 1654 1727 1880 1795; x_wconf 85' lang='lat' dir='ltr'><strong>arguat</strong></span> <span class='ocrx_word' id='word_1_133' title='bbox 1941 1715 2214 1793; x_wconf 92' lang='lat' dir='ltr'><strong>prudens</strong></span> 
     </span>
     <span class='ocr_line' id='line_1_20' title="bbox 264 1800 2213 1881; baseline 0.002 -21"><span class='ocrx_word' id='word_1_134' title='bbox 264 1800 462 1862; x_wconf 68' lang='lat' dir='ltr'><strong>le6³oer</strong></span> <span class='ocrx_word' id='word_1_135' title='bbox 509 1802 811 1881; x_wconf 89' lang='lat' dir='ltr'><strong>dijudicet.</strong></span> <span class='ocrx_word' id='word_1_136' title='bbox 903 1802 1152 1863; x_wconf 87' lang='lat' dir='ltr'><strong>Invenio</strong></span> <span class='ocrx_word' id='word_1_137' title='bbox 1212 1816 1422 1862; x_wconf 92' lang='lat' dir='ltr'><strong>tamen</strong></span> <span class='ocrx_word' id='word_1_138' title='bbox 1471 1802 1626 1864; x_wconf 89' lang='lat' dir='ltr'><strong>alios</strong></span> <span class='ocrx_word' id='word_1_139' title='bbox 1676 1823 1799 1863; x_wconf 91' lang='lat' dir='ltr'><strong>non</strong></span> <span class='ocrx_word' id='word_1_140' title='bbox 1849 1824 1886 1864; x_wconf 93' lang='lat' dir='ltr'><strong>a</strong></span> <span class='ocrx_word' id='word_1_141' title='bbox 1933 1801 2213 1875; x_wconf 85' lang='lat' dir='ltr'><strong>conciliiS,</strong></span> 
     </span>
     <span class='ocr_line' id='line_1_21' title="bbox 264 1890 2214 1971; baseline 0.001 -21"><span class='ocrx_word' id='word_1_142' title='bbox 264 1890 366 1951; x_wconf 91' lang='lat' dir='ltr'><strong>sed</strong></span> <span class='ocrx_word' id='word_1_143' title='bbox 413 1890 512 1951; x_wconf 90' lang='lat' dir='ltr'><strong>vel</strong></span> <span class='ocrx_word' id='word_1_144' title='bbox 562 1912 600 1951; x_wconf 95' lang='lat' dir='ltr'><strong>a</strong></span> <span class='ocrx_word' id='word_1_145' title='bbox 646 1892 971 1968; x_wconf 89' lang='lat' dir='ltr'><strong>tyrannide</strong></span> <span class='ocrx_word' id='word_1_146' title='bbox 1020 1892 1492 1970; x_wconf 91' lang='lat' dir='ltr'><strong>imperatorum,</strong></span> <span class='ocrx_word' id='word_1_147' title='bbox 1551 1891 1650 1952; x_wconf 92' lang='lat' dir='ltr'><strong>vel</strong></span> <span class='ocrx_word' id='word_1_148' title='bbox 1701 1914 1736 1953; x_wconf 95' lang='lat' dir='ltr'><strong>a</strong></span> <span class='ocrx_word' id='word_1_149' title='bbox 1784 1893 2103 1971; x_wconf 91' lang='lat' dir='ltr'><strong>protervia</strong></span> <span class='ocrx_word' id='word_1_150' title='bbox 2149 1905 2214 1951; x_wconf 93' lang='lat' dir='ltr'><strong>et</strong></span> 
     </span>
     <span class='ocr_line' id='line_1_22' title="bbox 265 1979 2211 2061; baseline 0.001 -23"><span class='ocrx_word' id='word_1_151' title='bbox 265 1979 581 2041; x_wconf 91' lang='lat' dir='ltr'><strong>insolentia</strong></span> <span class='ocrx_word' id='word_1_152' title='bbox 647 1981 1077 2041; x_wconf 91' lang='lat' dir='ltr'><strong>Romanorum</strong></span> <span class='ocrx_word' id='word_1_153' title='bbox 1148 2002 1185 2041; x_wconf 92' lang='lat' dir='ltr'><strong>a</strong></span> <span class='ocrx_word' id='word_1_154' title='bbox 1253 1994 1485 2061; x_wconf 90' lang='lat' dir='ltr'><strong>papatu</strong></span> <span class='ocrx_word' id='word_1_155' title='bbox 1557 1981 1818 2060; x_wconf 69' lang='lat' dir='ltr'><strong>eje6t03,</strong></span> <span class='ocrx_word' id='word_1_156' title='bbox 1889 2003 1927 2041; x_wconf 91' lang='lat' dir='ltr'><strong>a</strong></span> <span class='ocrx_word' id='word_1_157' title='bbox 1997 1981 2211 2061; x_wconf 92' lang='lat' dir='ltr'><strong>quibus</strong></span> 
     </span>
     <span class='ocr_line' id='line_1_23' title="bbox 266 2068 2212 2150; baseline 0 -21"><span class='ocrx_word' id='word_1_158' title='bbox 266 2069 550 2149; x_wconf 85' lang='lat' dir='ltr'><strong>exempla</strong></span> <span class='ocrx_word' id='word_1_159' title='bbox 598 2068 943 2130; x_wconf 89' lang='lat' dir='ltr'><strong>nullatenus</strong></span> <span class='ocrx_word' id='word_1_160' title='bbox 991 2069 1281 2130; x_wconf 89' lang='lat' dir='ltr'><strong>sumenda</strong></span> <span class='ocrx_word' id='word_1_161' title='bbox 1327 2070 1486 2142; x_wconf 87' lang='lat' dir='ltr'><strong>sunt,</strong></span> <span class='ocrx_word' id='word_1_162' title='bbox 1546 2093 1680 2130; x_wconf 91' lang='lat' dir='ltr'><strong>cum</strong></span> <span class='ocrx_word' id='word_1_163' title='bbox 1740 2071 1818 2130; x_wconf 94' lang='lat' dir='ltr'><strong>ab</strong></span> <span class='ocrx_word' id='word_1_164' title='bbox 1876 2069 2004 2130; x_wconf 89' lang='lat' dir='ltr'><strong>aliis</strong></span> <span class='ocrx_word' id='word_1_165' title='bbox 2052 2090 2212 2150; x_wconf 92' lang='lat' dir='ltr'><strong>quae</strong></span> 
     </span>
     <span class='ocr_line' id='line_1_24' title="bbox 264 2153 2214 2239; baseline -0.001 -20"><span class='ocrx_word' id='word_1_166' title='bbox 264 2173 519 2239; x_wconf 92' lang='lat' dir='ltr'><strong>praeter</strong></span> <span class='ocrx_word' id='word_1_167' title='bbox 562 2159 716 2239; x_wconf 88' lang='lat' dir='ltr'><strong>juris</strong></span> <span class='ocrx_word' id='word_1_168' title='bbox 777 2160 1059 2220; x_wconf 92' lang='lat' dir='ltr'><strong>ordinem</strong></span> <span class='ocrx_word' id='word_1_169' title='bbox 1115 2159 1292 2233; x_wconf 89' lang='lat' dir='ltr'><strong>fiunt,</strong></span> <span class='ocrx_word' id='word_1_170' title='bbox 1352 2181 1477 2221; x_wconf 91' lang='lat' dir='ltr'><strong>non</strong></span> <span class='ocrx_word' id='word_1_171' title='bbox 1535 2153 1666 2220; x_wconf 85' lang='lat' dir='ltr'><strong>sunt</strong></span> <span class='ocrx_word' id='word_1_172' title='bbox 1713 2159 1868 2238; x_wconf 90' lang='lat' dir='ltr'><strong>juris</strong></span> <span class='ocrx_word' id='word_1_173' title='bbox 1928 2157 2214 2237; x_wconf 89' lang='lat' dir='ltr'><strong>exempla</strong></span> 
     </span>
     <span class='ocr_line' id='line_1_25' title="bbox 265 2246 2212 2328; baseline -0.002 -19"><span class='ocrx_word' id='word_1_174' title='bbox 265 2249 585 2310; x_wconf 89' lang='lat' dir='ltr'><strong>trahenda.</strong></span> <span class='ocrx_word' id='word_1_175' title='bbox 687 2250 754 2309; x_wconf 88' lang='lat' dir='ltr'><strong>Si</strong></span> <span class='ocrx_word' id='word_1_176' title='bbox 816 2250 917 2328; x_wconf 91' lang='lat' dir='ltr'><strong>qui</strong></span> <span class='ocrx_word' id='word_1_177' title='bbox 979 2262 1187 2326; x_wconf 90' lang='lat' dir='ltr'><strong>autem</strong></span> <span class='ocrx_word' id='word_1_178' title='bbox 1247 2269 1454 2328; x_wconf 92' lang='lat' dir='ltr'><strong>papae</strong></span> <span class='ocrx_word' id='word_1_179' title='bbox 1515 2247 1651 2328; x_wconf 88' lang='lat' dir='ltr'><strong>post</strong></span> <span class='ocrx_word' id='word_1_180' title='bbox 1712 2246 2212 2327; x_wconf 90' lang='lat' dir='ltr'><strong>compilationem</strong></span> 
     </span>
     <span class='ocr_line' id='line_1_26' title="bbox 265 2335 2212 2417; baseline -0.002 -19"><span class='ocrx_word' id='word_1_181' title='bbox 265 2339 715 2412; x_wconf 91' lang='lat' dir='ltr'><strong>chronicarum,</strong></span> <span class='ocrx_word' id='word_1_182' title='bbox 784 2351 1005 2417; x_wconf 93' lang='lat' dir='ltr'><strong>utputa</strong></span> <span class='ocrx_word' id='word_1_183' title='bbox 1070 2338 1316 2397; x_wconf 90' lang='lat' dir='ltr'><strong>Martini</strong></span> <span class='ocrx_word' id='word_1_184' title='bbox 1387 2350 1450 2397; x_wconf 93' lang='lat' dir='ltr'><strong>et</strong></span> <span class='ocrx_word' id='word_1_185' title='bbox 1508 2338 1809 2398; x_wconf 91' lang='lat' dir='ltr'><strong>Vincentii</strong></span> <span class='ocrx_word' id='word_1_186' title='bbox 1867 2335 2212 2398; x_wconf 90' lang='lat' dir='ltr'><strong>Beluacens.</strong></span> 
     </span>
     <span class='ocr_line' id='line_1_27' title="bbox 265 2423 2211 2507; baseline -0.001 -19"><span class='ocrx_word' id='word_1_187' title='bbox 265 2428 522 2507; x_wconf 83' lang='lat' dir='ltr'><strong>depositi</strong></span> <span class='ocrx_word' id='word_1_188' title='bbox 579 2427 737 2499; x_wconf 89' lang='lat' dir='ltr'><strong>sunt,</strong></span> <span class='ocrx_word' id='word_1_189' title='bbox 796 2427 938 2487; x_wconf 93' lang='lat' dir='ltr'><strong>mihi</strong></span> <span class='ocrx_word' id='word_1_190' title='bbox 997 2445 1122 2486; x_wconf 91' lang='lat' dir='ltr'><strong>non</strong></span> <span class='ocrx_word' id='word_1_191' title='bbox 1186 2425 1432 2486; x_wconf 90' lang='lat' dir='ltr'><strong>constat.</strong></span> <span class='ocrx_word' id='word_1_192' title='bbox 1522 2427 1726 2487; x_wconf 92' lang='lat' dir='ltr'><strong>Etiam</strong></span> <span class='ocrx_word' id='word_1_193' title='bbox 1780 2439 1844 2486; x_wconf 93' lang='lat' dir='ltr'><strong>et</strong></span> <span class='ocrx_word' id='word_1_194' title='bbox 1889 2423 2211 2505; x_wconf 86' lang='lat' dir='ltr'><strong>suppofitO,</strong></span> 
     </span>
     <span class='ocr_line' id='line_1_28' title="bbox 266 2514 2211 2597; baseline -0.002 -21"><span class='ocrx_word' id='word_1_195' title='bbox 266 2518 436 2597; x_wconf 90' lang='lat' dir='ltr'><strong>quod</strong></span> <span class='ocrx_word' id='word_1_196' title='bbox 498 2518 582 2577; x_wconf 93' lang='lat' dir='ltr'><strong>ita</strong></span> <span class='ocrx_word' id='word_1_197' title='bbox 645 2517 809 2588; x_wconf 89' lang='lat' dir='ltr'><strong>esset,</strong></span> <span class='ocrx_word' id='word_1_198' title='bbox 873 2534 1000 2575; x_wconf 92' lang='lat' dir='ltr'><strong>non</strong></span> <span class='ocrx_word' id='word_1_199' title='bbox 1062 2515 1258 2575; x_wconf 90' lang='lat' dir='ltr'><strong>statim</strong></span> <span class='ocrx_word' id='word_1_200' title='bbox 1320 2514 1566 2585; x_wconf 84' lang='lat' dir='ltr'><strong>constat,</strong></span> <span class='ocrx_word' id='word_1_201' title='bbox 1628 2529 1831 2576; x_wconf 92' lang='lat' dir='ltr'><strong>utrum</strong></span> <span class='ocrx_word' id='word_1_202' title='bbox 1877 2516 2082 2594; x_wconf 93' lang='lat' dir='ltr'><strong>potius</strong></span> <span class='ocrx_word' id='word_1_203' title='bbox 2131 2514 2211 2574; x_wconf 93' lang='lat' dir='ltr'><strong>de</strong></span> 
     </span>
     <span class='ocr_line' id='line_1_29' title="bbox 267 2603 2212 2687; baseline -0.003 -21"><span class='ocrx_word' id='word_1_204' title='bbox 267 2605 433 2666; x_wconf 65' lang='lat' dir='ltr'><strong>fasto</strong></span> <span class='ocrx_word' id='word_1_205' title='bbox 494 2627 679 2687; x_wconf 90' lang='lat' dir='ltr'><strong>quam</strong></span> <span class='ocrx_word' id='word_1_206' title='bbox 736 2607 816 2666; x_wconf 92' lang='lat' dir='ltr'><strong>de</strong></span> <span class='ocrx_word' id='word_1_207' title='bbox 866 2604 1006 2684; x_wconf 91' lang='lat' dir='ltr'><strong>jure</strong></span> <span class='ocrx_word' id='word_1_208' title='bbox 1065 2605 1184 2666; x_wconf 95' lang='lat' dir='ltr'><strong>hoc</strong></span> <span class='ocrx_word' id='word_1_209' title='bbox 1240 2606 1610 2684; x_wconf 92' lang='lat' dir='ltr'><strong>processerit.</strong></span> <span class='ocrx_word' id='word_1_210' title='bbox 1710 2605 1899 2681; x_wconf 76' lang='lat' dir='ltr'><strong>Quod</strong></span> <span class='ocrx_word' id='word_1_211' title='bbox 1955 2603 1993 2663; x_wconf 87' lang='lat' dir='ltr'>fi</span> <span class='ocrx_word' id='word_1_212' title='bbox 2051 2603 2212 2662; x_wconf 91' lang='lat' dir='ltr'><strong>dicat</strong></span> 
     </span>
     <span class='ocr_line' id='line_1_30' title="bbox 268 2691 2212 2776; baseline -0.003 -21"><span class='ocrx_word' id='word_1_213' title='bbox 268 2694 505 2776; x_wconf 83' lang='lat' dir='ltr'><strong>aliquiS,</strong></span> <span class='ocrx_word' id='word_1_214' title='bbox 569 2697 739 2776; x_wconf 89' lang='lat' dir='ltr'><strong>quod</strong></span> <span class='ocrx_word' id='word_1_215' title='bbox 798 2715 922 2755; x_wconf 92' lang='lat' dir='ltr'><strong>non</strong></span> <span class='ocrx_word' id='word_1_216' title='bbox 979 2707 1243 2773; x_wconf 88' lang='lat' dir='ltr'><strong>propter</strong></span> <span class='ocrx_word' id='word_1_217' title='bbox 1298 2694 1453 2753; x_wconf 90' lang='lat' dir='ltr'><strong>haec</strong></span> <span class='ocrx_word' id='word_1_218' title='bbox 1510 2694 1909 2753; x_wconf 90' lang='lat' dir='ltr'><strong>fundamenta</strong></span> <span class='ocrx_word' id='word_1_219' title='bbox 1955 2691 2212 2752; x_wconf 90' lang='lat' dir='ltr'><strong>intendit</strong></span> 
     </span>
     <span class='ocr_line' id='line_1_31' title="bbox 267 2781 2211 2855; baseline -0.003 -10"><span class='ocrx_word' id='word_1_220' title='bbox 267 2784 600 2853; x_wconf 89' lang='lat' dir='ltr'><strong>concilium,</strong></span> <span class='ocrx_word' id='word_1_221' title='bbox 663 2784 829 2844; x_wconf 89' lang='lat' dir='ltr'><strong>suam</strong></span> <span class='ocrx_word' id='word_1_222' title='bbox 889 2782 1252 2843; x_wconf 88' lang='lat' dir='ltr'><strong>sententiam</strong></span> <span class='ocrx_word' id='word_1_223' title='bbox 1308 2783 1498 2842; x_wconf 91' lang='lat' dir='ltr'><strong>robur</strong></span> <span class='ocrx_word' id='word_1_224' title='bbox 1559 2782 1808 2855; x_wconf 87' lang='lat' dir='ltr'><strong>habere,</strong></span> <span class='ocrx_word' id='word_1_225' title='bbox 1872 2781 2211 2852; x_wconf 88' lang='lat' dir='ltr'><strong>dicendum,</strong></span> 
     </span>
     <span class='ocr_line' id='line_1_32' title="bbox 268 2868 2209 2954; baseline -0.004 -20"><span class='ocrx_word' id='word_1_226' title='bbox 268 2875 437 2954; x_wconf 89' lang='lat' dir='ltr'><strong>quod</strong></span> <span class='ocrx_word' id='word_1_227' title='bbox 483 2874 522 2934; x_wconf 90' lang='lat' dir='ltr'>fi</span> <span class='ocrx_word' id='word_1_228' title='bbox 568 2873 643 2932; x_wconf 88' lang='lat' dir='ltr'><strong>fic</strong></span> <span class='ocrx_word' id='word_1_229' title='bbox 688 2870 916 2933; x_wconf 87' lang='lat' dir='ltr'><strong>saltem</strong></span> <span class='ocrx_word' id='word_1_230' title='bbox 951 2872 1105 2931; x_wconf 90' lang='lat' dir='ltr'><strong>haec</strong></span> <span class='ocrx_word' id='word_1_231' title='bbox 1151 2872 1482 2945; x_wconf 78' lang='lat' dir='ltr'><strong>tacuissent,</strong></span> <span class='ocrx_word' id='word_1_232' title='bbox 1532 2872 1674 2951; x_wconf 91' lang='lat' dir='ltr'><strong>quia</strong></span> <span class='ocrx_word' id='word_1_233' title='bbox 1711 2871 1997 2950; x_wconf 91' lang='lat' dir='ltr'><strong>potuisset</strong></span> <span class='ocrx_word' id='word_1_234' title='bbox 2029 2868 2209 2938; x_wconf 85' lang='lat' dir='ltr'><strong>credi,</strong></span> 
     </span>
     <span class='ocr_line' id='line_1_33' title="bbox 269 2956 2210 3043; baseline -0.004 -20"><span class='ocrx_word' id='word_1_235' title='bbox 269 2964 436 3043; x_wconf 92' lang='lat' dir='ltr'><strong>quod</strong></span> <span class='ocrx_word' id='word_1_236' title='bbox 505 2963 908 3022; x_wconf 91' lang='lat' dir='ltr'><strong>inniterentur</strong></span> <span class='ocrx_word' id='word_1_237' title='bbox 977 2959 1274 3040; x_wconf 90' lang='lat' dir='ltr'><strong>aliquibus</strong></span> <span class='ocrx_word' id='word_1_238' title='bbox 1335 2960 1578 3020; x_wconf 90' lang='lat' dir='ltr'><strong>secretis</strong></span> <span class='ocrx_word' id='word_1_239' title='bbox 1642 2973 1706 3019; x_wconf 95' lang='lat' dir='ltr'><strong>et</strong></span> <span class='ocrx_word' id='word_1_240' title='bbox 1768 2956 2210 3019; x_wconf 91' lang='lat' dir='ltr'><strong>inviolabilibus</strong></span> 
     </span>
     <span class='ocr_line' id='line_1_34' title="bbox 269 3047 2212 3129; baseline -0.004 -17"><span class='ocrx_word' id='word_1_241' title='bbox 269 3052 693 3112; x_wconf 72' lang='lat' dir='ltr'><strong>fundamentis⁸</strong></span> <span class='ocrx_word' id='word_1_242' title='bbox 784 3051 876 3110; x_wconf 88' lang='lat' dir='ltr'><strong>Et.</strong></span> <span class='ocrx_word' id='word_1_243' title='bbox 912 3062 1245 3129; x_wconf 92' lang='lat' dir='ltr'><strong>praeterea</strong></span> <span class='ocrx_word' id='word_1_244' title='bbox 1290 3049 1408 3109; x_wconf 89' lang='lat' dir='ltr'><strong>hoc</strong></span> <span class='ocrx_word' id='word_1_245' title='bbox 1455 3047 1790 3108; x_wconf 89' lang='lat' dir='ltr'><strong>excluditur</strong></span> <span class='ocrx_word' id='word_1_246' title='bbox 1834 3068 1949 3127; x_wconf 90' lang='lat' dir='ltr'><strong>per</strong></span> <span class='ocrx_word' id='word_1_247' title='bbox 1995 3066 2212 3107; x_wconf 89' lang='lat' dir='ltr'><strong>eorum</strong></span> 
     </span>
     <span class='ocr_line' id='line_1_35' title="bbox 269 3134 2210 3217; baseline -0.003 -18"><span class='ocrx_word' id='word_1_248' title='bbox 269 3142 462 3201; x_wconf 91' lang='lat' dir='ltr'><strong>verba</strong></span> <span class='ocrx_word' id='word_1_249' title='bbox 513 3134 583 3200; x_wconf 75' lang='lat' dir='ltr'><strong>vin</strong></span> <span class='ocrx_word' id='word_1_250' title='bbox 647 3141 871 3201; x_wconf 92' lang='lat' dir='ltr'><strong>eadem</strong></span> <span class='ocrx_word' id='word_1_251' title='bbox 926 3139 1051 3198; x_wconf 93' lang='lat' dir='ltr'><strong>XII.</strong></span> <span class='ocrx_word' id='word_1_252' title='bbox 1112 3137 1378 3210; x_wconf 81' lang='lat' dir='ltr'><strong>sessione,</strong></span> <span class='ocrx_word' id='word_1_253' title='bbox 1442 3159 1602 3217; x_wconf 89' lang='lat' dir='ltr'><strong>quae</strong></span> <span class='ocrx_word' id='word_1_254' title='bbox 1664 3137 1737 3196; x_wconf 87' lang='lat' dir='ltr'><strong>fic</strong></span> <span class='ocrx_word' id='word_1_255' title='bbox 1797 3137 2055 3196; x_wconf 91' lang='lat' dir='ltr'><strong>habent:</strong></span> <span class='ocrx_word' id='word_1_256' title='bbox 2118 3135 2210 3193; x_wconf 88' lang='lat' dir='ltr'><strong>his</strong></span> 
     </span>
     <span class='ocr_line' id='line_1_36' title="bbox 271 3224 2212 3309; baseline -0.004 -19"><span class='ocrx_word' id='word_1_257' title='bbox 271 3229 567 3309; x_wconf 86' lang='lat' dir='ltr'><strong>exemplis</strong></span> <span class='ocrx_word' id='word_1_258' title='bbox 629 3243 693 3290; x_wconf 94' lang='lat' dir='ltr'><strong>et</strong></span> <span class='ocrx_word' id='word_1_259' title='bbox 750 3228 1084 3289; x_wconf 91' lang='lat' dir='ltr'><strong>rationibus</strong></span> <span class='ocrx_word' id='word_1_260' title='bbox 1148 3228 1302 3287; x_wconf 93' lang='lat' dir='ltr'><strong>haec</strong></span> <span class='ocrx_word' id='word_1_261' title='bbox 1362 3225 1568 3287; x_wconf 68' lang='lat' dir='ltr'><strong>san&amp;a</strong></span> <span class='ocrx_word' id='word_1_262' title='bbox 1625 3226 1889 3303; x_wconf 88' lang='lat' dir='ltr'><strong>synodus</strong></span> <span class='ocrx_word' id='word_1_263' title='bbox 1947 3224 2212 3285; x_wconf 86' lang='lat' dir='ltr'><strong>excitata</strong></span> 
     </span>
     <span class='ocr_line' id='line_1_37' title="bbox 270 3312 2211 3392; baseline -0.004 -14"><span class='ocrx_word' id='word_1_264' title='bbox 270 3318 506 3378; x_wconf 86' lang='lat' dir='ltr'><strong>habens</strong></span> <span class='ocrx_word' id='word_1_265' title='bbox 555 3339 592 3378; x_wconf 90' lang='lat' dir='ltr'><strong>a</strong></span> <span class='ocrx_word' id='word_1_266' title='bbox 638 3319 761 3379; x_wconf 92' lang='lat' dir='ltr'><strong>deo</strong></span> <span class='ocrx_word' id='word_1_267' title='bbox 810 3316 1243 3378; x_wconf 55' lang='lat' dir='ltr'><strong>auffcoritatem</strong></span> <span class='ocrx_word' id='word_1_268' title='bbox 1291 3315 1818 3375; x_wconf 89' lang='lat' dir='ltr'><strong>animadvertendi</strong></span> <span class='ocrx_word' id='word_1_269' title='bbox 1865 3314 1924 3372; x_wconf 90' lang='lat' dir='ltr'><strong>in</strong></span> <span class='ocrx_word' id='word_1_270' title='bbox 1965 3333 2076 3374; x_wconf 91' lang='lat' dir='ltr'><strong>eos</strong></span> <span class='ocrx_word' id='word_1_271' title='bbox 2111 3312 2211 3392; x_wconf 92' lang='lat' dir='ltr'><strong>qui</strong></span> 
     </span>
     <span class='ocr_line' id='line_1_38' title="bbox 271 3401 2251 3488; baseline -0.004 -21"><span class='ocrx_word' id='word_1_272' title='bbox 271 3407 457 3488; x_wconf 90' lang='lat' dir='ltr'><strong>ipsam</strong></span> <span class='ocrx_word' id='word_1_273' title='bbox 503 3427 635 3477; x_wconf 45' lang='lat' dir='ltr'><strong>non,</strong></span> <span class='ocrx_word' id='word_1_274' title='bbox 676 3408 991 3480; x_wconf 80' lang='lat' dir='ltr'><strong>audierint,</strong></span> <span class='ocrx_word' id='word_1_275' title='bbox 1039 3406 1331 3466; x_wconf 92' lang='lat' dir='ltr'><strong>ammodo</strong></span> <span class='ocrx_word' id='word_1_276' title='bbox 1386 3406 1445 3464; x_wconf 87' lang='lat' dir='ltr'><strong>in</strong></span> <span class='ocrx_word' id='word_1_277' title='bbox 1492 3401 1718 3464; x_wconf 66' lang='lat' dir='ltr'><strong>dictum</strong></span> <span class='ocrx_word' id='word_1_278' title='bbox 1764 3403 1819 3462; x_wconf 93' lang='lat' dir='ltr'><strong>d.</strong></span> <span class='ocrx_word' id='word_1_279' title='bbox 1865 3401 2211 3483; x_wconf 87' lang='lat' dir='ltr'><strong>Eugenium</strong></span> <span class='ocrx_word' id='word_1_280' title='bbox 2249 3451 2251 3453; x_wconf 90' lang='lat'>.</span> 
     </span>
     <span class='ocr_line' id='line_1_39' title="bbox 274 3490 2208 3569; baseline -0.004 -13"><span class='ocrx_word' id='word_1_281' title='bbox 274 3497 605 3558; x_wconf 92' lang='lat' dir='ltr'><strong>acrioribus</strong></span> <span class='ocrx_word' id='word_1_282' title='bbox 666 3497 976 3569; x_wconf 88' lang='lat' dir='ltr'><strong>remediis,</strong></span> <span class='ocrx_word' id='word_1_283' title='bbox 1039 3495 1139 3554; x_wconf 93' lang='lat' dir='ltr'><strong>ubi</strong></span> <span class='ocrx_word' id='word_1_284' title='bbox 1202 3493 1437 3552; x_wconf 92' lang='lat' dir='ltr'><strong>leviora</strong></span> <span class='ocrx_word' id='word_1_285' title='bbox 1500 3513 1623 3552; x_wconf 92' lang='lat' dir='ltr'><strong>non</strong></span> <span class='ocrx_word' id='word_1_286' title='bbox 1683 3490 2001 3565; x_wconf 90' lang='lat' dir='ltr'><strong>valuerint,</strong></span> <span class='ocrx_word' id='word_1_287' title='bbox 2062 3508 2208 3567; x_wconf 93' lang='lat' dir='ltr'><strong>pro-</strong></span> 
     </span>
    </p>
   </div>
  </div>
 </body>
</html>
