2352 3808
1099 141 1166 193 77

0 361 11 372 .
85 365 89 370 .
158 321 486 391 videreret‚
536 320 777 379 dicente
810 317 981 397 psal.:
1030 319 1174 401 Non
1223 315 1526 396 relinquet
1559 316 1841 376 dominus
1875 317 2114 397 virgam

158 423 558 488 peccatorum
604 407 783 487 super
828 407 1057 467 sortem
1094 407 1410 486 justorum,
1459 427 1535 465 ne
1577 406 1740 466 forte
1775 405 2115 464 extendant

149 498 287 578 justi
335 499 415 558 ad
462 498 842 577 iniquitatem
890 517 1105 556 manus
1153 495 1304 569 suaS‚
1352 494 1547 577 longa
1593 493 1770 554 videl.
1818 493 1958 553 mali
2001 514 2113 572 pa-

157 588 383 648 storum
440 585 831 666 perpessione
892 599 955 645 et
1024 585 1328 645 malorum
1392 582 1820 664 exemplorum
1883 583 2115 642 diutina

161 677 570 755 correptione.
663 675 854 752 Quod
903 675 940 732 fi
989 676 1240 747 dicatur,
1290 676 1460 754 quod
1507 674 1609 733 ista
1656 673 1956 733 sententia
1994 672 2114 731 five

159 766 402 826 assertio
467 765 550 824 est
597 766 848 825 omnino
899 764 1239 823 inconcusse
1290 764 1584 834 tenenda,
1645 785 1779 823 cum
1828 763 2008 823 fuerit
2056 762 2113 820 in

158 854 332 915 dictis
381 852 644 915 conciliis
679 854 950 927 decreta,
999 853 1358 932 responderi
1392 851 1609 932 potest,
1659 854 1843 933 quod,
1891 866 1958 911 ut
1991 852 2113 911 dic-

159 957 287 1004 tum
335 945 443 1004 fuit
488 943 667 1023 supra
714 944 772 1002 in
821 941 1072 1004 conclus.
1118 943 1218 1002 XI.
1268 941 1584 1002 concilium
1629 941 1929 1024 generale
1989 960 2115 1000 non

158 1033 398 1113 semper
457 1033 542 1093 est
599 1031 698 1093 illa
757 1031 1006 1092 ecclefia
1053 1053 1215 1113 quae
1265 1053 1476 1092 errare
1526 1050 1652 1091 non
1699 1031 1922 1112 potest,
1980 1052 2116 1090 cum

159 1121 452 1184 nonnulla
499 1121 753 1183 concilia
801 1135 1182 1194 erraverunt,
1232 1141 1495 1201 quorum
1529 1142 1778 1182 errores
1810 1142 1926 1201 per
1961 1120 2114 1180 sum-

158 1209 294 1273 mos
342 1212 665 1292 pontifices
705 1211 804 1272 vel
839 1210 957 1272 alia
990 1211 1245 1271 concilia
1276 1211 1666 1290 postmodum
1700 1212 1945 1271 fuerunt
1978 1231 2114 1271 cor-

158 1301 323 1363 recfti.
387 1302 567 1362 Unde
601 1322 725 1362 non
775 1303 924 1362 esset
973 1322 1219 1375 novum,
1267 1300 1305 1359 fi
1354 1301 1457 1360 ista
1506 1299 1757 1360 concilia
1806 1301 2115 1360 errassent.

156 1392 239 1451 Et
285 1391 322 1451 fi
371 1393 623 1463 dicatur,
672 1392 842 1473 quod
889 1392 964 1451 D.
1010 1382 1311 1452 Martinus
1361 1389 1501 1451 3613
1550 1391 1607 1449 111
1657 1390 1911 1452 concilio
1949 1390 2114 1450 Con-

157 1481 454 1541 stantienfi
489 1482 880 1561 approbavit,
929 1481 1296 1560 respondeo,
1346 1482 1515 1561 quod
1547 1481 1732 1540 video
1769 1481 2117 1559 oppositum

157 1591 272 1651 per
320 1569 623 1631 effectum.
697 1571 859 1631 Nam
905 1571 942 1630 fi
992 1571 1154 1630 bene
1203 1571 1605 1631 attendantur
1652 1571 1953 1649 rescripta
1999 1569 2116 1645 sua,

159 1659 375 1742 quibus
435 1661 856 1740 praefidentes
918 1659 1058 1722 1060
1107 1660 1187 1720 sui
1233 1661 1506 1740 Papienfi
1557 1674 1621 1720 et
1667 1660 1919 1720 Senenfi
1969 1660 2148 1720 con-⁴

159 1749 300 1810 ciliis
370 1751 721 1830 deputavit,
792 1752 901 1811 dat
970 1751 1105 1830 ipsis
1176 1750 1662 1830 praefidentibus
1727 1764 1791 1810 et
1853 1748 2116 1810 conciliis

159 1838 596 1901 auctoritatem
630 1841 788 1900 circa
819 1840 1331 1901 reformationem
1365 1839 1652 1900 ecclesiae
1686 1841 1744 1899 in
1777 1839 1889 1899 suis
1923 1861 2115 1899 mem-

157 1928 281 1989 bris
331 1926 673 2004 tantum1)⁷
734 1943 798 1990 61
846 1943 1058 1996 cetera
1105 1931 1358 2012 agendi,
1419 1951 1578 2010 quae
1629 1950 1752 1991 non
1802 1931 2117 2012 derogant

160 2017 313 2099 ejus
349 2019 523 2080 statui
582 2032 646 2079 et
703 2019 926 2080 honori
983 2033 1248 2100 propter
1308 2021 1477 2100 quod
1532 2019 1670 2080 satis
1719 2019 1980 2079 ostendit
2028 2020 2116 2079 in-

159 2106 445 2191 telligere
492 2108 860 2184 volentibuS,
911 2110 1080 2190 quod
1114 2109 1235 2189 ipse
1270 2129 1396 2169 non
1430 2110 1688 2170 tenebat
1720 2109 1779 2170 se
1813 2111 1934 2170 esse
1969 2129 2115 2171 con-

160 2196 294 2260 cilio
352 2198 653 2259 subditum
710 2211 899 2279 prout
947 2197 1111 2259 dicta
1158 2200 1412 2259 decreta
1457 2199 1692 2274 sonant,
1757 2212 1820 2259 et
1867 2199 1987 2259 hoc
2034 2200 2118 2260 est

157 2287 296 2348 satis
343 2309 463 2368 per·
506 2287 796 2350 effectum
851 2287 950 2349 illa
999 2308 1123 2348 non
1174 2290 1546 2370 approbare.
1639 2290 1859 2350 Utrum
1908 2302 2117 2350 autem

158 2399 275 2458 per
321 2377 533 2460 legem
581 2379 954 2439 contrariam
1002 2377 1113 2439 illis
1156 2380 1584 2462 derogaverit,
1633 2379 1776 2439 mihi
1810 2399 1935 2441 non
1969 2400 2114 2440 con-

159 2466 289 2540 stat,
336 2466 477 2528 licet
524 2469 582 2527 in
630 2468 745 2527 hac
791 2481 972 2547 parte
1022 2466 1251 2528 fabium
1298 2491 1505 2549 papae
1555 2490 1672 2549 pro
1722 2468 1867 2552 lege
1901 2470 2116 2531 haberi

158 2556 351 2635 possit.
458 2558 601 2618 Non
665 2571 874 2618 autem
938 2558 1174 2638 absque
1249 2559 1679 2619 ammiratione
1749 2560 1869 2619 vidi
1941 2558 2117 2620 aliter

157 2647 450 2726 scriptum
498 2648 555 2706 in
603 2648 905 2727 rescripto
954 2647 1029 2707 D.
1077 2649 1356 2730 Eugenii‚
1420 2669 1543 2730 quo
1594 2647 1909 2709 concilium
1955 2650 2114 2709 Basi-

159 2733 362 2796 leense
409 2735 468 2797 se
515 2737 801 2818 prosequi
848 2735 1008 2798 velle
1069 2751 1132 2798 et
1195 2739 1452 2798 caritate
1513 2736 1801 2818 amplecti
1849 2738 2114 2800 confite-

160 2837 287 2904 tur3
347 2826 405 2885 in
454 2847 578 2907 quo
628 2828 951 2889 committit
998 2828 1100 2907 ipfi
1149 2827 1404 2889 concilio
1453 2828 1966 2889 reformationem
2014 2850 2114 2889 ec-

298 3051 340 3100 1)
388 3049 494 3091 Dies
534 3049 584 3092 ist
625 3051 835 3092 durchaus
878 3040 1070 3092 unwahr.
1138 3051 1246 3092 Statt
1281 3051 1658 3093 «reformationem
1702 3051 1899 3093 ecelefiae
1943 3053 1988 3093 in
2031 3051 2114 3094 suis

159 3124 361 3165 membris
393 3130 585 3165 tantum»
629 3126 763 3166 heisst
794 3139 839 3166 es
871 3126 916 3166 in
949 3126 1025 3166 der
1055 3126 1203 3166 Bulle:
1253 3127 1582 3167 «reformatione
1615 3127 1743 3167 status
1777 3127 2038 3168 ecclesiastici
2070 3128 2113 3170 in

160 3198 359 3240 omnibus
391 3201 597 3241 membris
629 3201 761 3242 suis».
820 3202 950 3254 Jeder
980 3201 1265 3255 Verniinftige
1297 3201 1414 3257 steht,
1450 3203 1548 3242 dass
1581 3202 1673 3242 hier
1705 3202 1782 3242 der
1812 3202 1938 3256 Papst
1971 3203 2113 3256 einge-

161 3271 368 3315 schloffen
398 3275 464 3329 ist,
497 3275 552 3318 da
587 3289 632 3316 er
663 3276 774 3317 doeh
806 3276 877 3316 ein
911 3276 1040 3316 Glied
1073 3277 1149 3317 der
1179 3277 1427 3330 geistlichen
1460 3277 1713 3317 Hierarchie
1746 3277 1811 3318 ist.
1877 3277 2008 3318 Card.
2029 3278 2111 3330 Jul.

133 3346 354 3400 ‚Cesarini
384 3349 429 3389 in
459 3349 622 3391 seinem
655 3351 718 3392 II.
750 3350 894 3390 Briefe
934 3364 990 3390 311
1021 3351 1070 3392 P.
1106 3351 1255 3405 Eugen
1291 3351 1369 3392 IV.
1406 3351 1542 3404 (Opp.
1577 3352 1751 3392 Aeneae
1781 3352 1914 3405 Sylvii
1946 3366 1991 3405 p.
2030 3354 2108 3406 79)

82 3429 85 3431 ’
161 3420 275 3477 sagt,
317 3419 414 3464 das‘s
454 3437 500 3464 er
536 3438 587 3465 zu
615 3424 742 3471 Base]
785 3425 894 3465 nach
925 3425 975 3466 P.
1010 3426 1191 3466 Martius
1223 3426 1405 3479 Austrag
1444 3426 1513 3465 die
1545 3426 1743 3467 Facultas
1788 3427 1905 3467 hatte
1951 3427 2112 3467 «refor-

161 3495 308 3537 mandi
341 3510 480 3540 mores
511 3498 739 3554 cujus-libet
768 3499 893 3540 status
928 3498 1302 3555 Christianitatis»,
1343 3514 1429 3540 was
1463 3514 1508 3540 er
1538 3500 1679 3554 gleich
1711 3502 1864 3542 darauf
1892 3502 1960 3542 fiir
1991 3502 2111 3542 iden·

163 3570 270 3612 tisch
302 3572 456 3612 nimmt
487 3573 565 3613 mit
599 3573 870 3615 «reformatio
904 3574 1102 3614 ecelesiae
1135 3575 1180 3614 in
1213 3575 1352 3627 capite
1386 3582 1426 3615 et
1457 3576 1501 3615 in
1533 3577 1785 3617 membris».
