2352 3808
1203 142 1308 193 112

274 319 331 377 in
381 317 588 378 chron.
633 317 751 390 sua,
801 318 970 397 quod
1012 316 1180 376 multi
1213 318 1541 396 presbiteri
1574 333 1638 379 et
1683 317 1881 378 clerici
1913 319 1972 378 se
2006 335 2222 382 contra

273 406 442 467 istum
489 427 719 486 papam
753 419 1085 465 erexerunt
1118 427 1196 466 eo
1232 408 1401 486 quod
1436 408 1928 467 communicasset
1958 408 2220 471 Photino

273 509 337 556 et
383 496 668 568 Achatio,
718 515 843 555 non
891 508 1100 555 tamen
1148 495 1321 565 dicit,
1370 497 1539 576 quod
1587 496 1775 576 ipsum
1811 495 2222 574 judicaverint

270 583 370 645 vel
417 584 949 661 sententiaverint3
997 583 1102 643 sed
1150 585 1319 663 quod
1367 585 1475 644 fuit
1534 586 1738 646 divino
1789 584 2018 663 judicio
2077 607 2221 664 per-

272 675 462 734 cussus
522 687 587 733 et
645 672 973 751 depositus,
1074 673 1156 732 Et
1215 674 1402 733 etiam
1459 674 1579 733 hoc
1636 675 1799 734 idem
1855 674 2119 734 habetur
2175 697 2221 735 c.

269 762 611 822 Anastafius
659 762 821 821 XIX,
870 760 992 821 dist.
1052 783 1188 821 cum
1245 761 1346 821 sua
1404 761 1565 843 glo„
1622 763 1910 823 Secundo
1973 763 2221 824 adducit

268 852 594 921 Liberium,
643 851 720 910 de
771 869 897 930 quo
947 863 1156 910 tamen
1206 871 1330 911 non
1378 850 1619 933 legitur,
1669 853 1837 932 quod
1870 854 1927 911 in
1961 853 2087 911 vita
2119 851 2222 912 sua

269 940 579 1019 depositus
629 940 837 1015 fuerit3
886 938 989 998 sed
1033 939 1201 1018 quod
1234 940 1370 1018 post
1401 954 1668 1000 mortem
1702 941 1850 1019 ejuS,
1898 940 2220 1020 postquam

268 1030 440 1089 annis
489 1028 724 1107 septem
772 1026 870 1087 vel
920 1029 1077 1087 circa
1123 1027 1383 1102 sedisset,
1434 1049 1557 1088 non
1616 1028 1934 1089 concilium
1993 1043 2218 1103 tamen,

266 1118 369 1178 sed
415 1117 717 1177 Damasus
766 1138 933 1196 papa
981 1139 1121 1176 eum
1168 1118 1634 1190 condemnavit,
1683 1132 1747 1178 et
1805 1138 1990 1178 omne
2050 1119 2219 1197 quod

268 1208 502 1267 fecerat
559 1205 799 1285 publice
860 1205 1240 1278 annihilavit,
1304 1219 1370 1266 ut
1431 1208 1623 1267 refert
1681 1208 1843 1267 idem
1902 1206 2218 1267 Martinus,

265 1297 347 1356 Et
394 1296 487 1355 hic
535 1295 620 1355 est
666 1296 887 1356 modus
936 1316 1119 1375 quem
1161 1296 1218 1354 in
1252 1295 1370 1356 hoc
1403 1295 1534 1355 casu
1569 1297 1768 1376 magis
1801 1294 2006 1367 laudo,
2053 1293 2219 1356 salva

265 1385 505 1464 semper
562 1384 861 1444 sententia
914 1386 1094 1444 Rom.
1154 1383 1468 1454 ecclesiae,
1526 1383 1703 1444 videl.
1763 1385 1931 1465 quod
1977 1385 2015 1444 si
2062 1405 2216 1444 unus

263 1496 430 1554 papa
478 1475 819 1533 inveniatur
867 1471 1027 1533 male
1075 1473 1293 1533 sentire
1343 1474 1400 1532 in
1448 1473 1570 1533 fide
1618 1472 1717 1533 vel
1766 1474 2037 1533 moribus
2081 1495 2218 1534 cum

263 1564 563 1643 patientia
641 1576 703 1622 et
780 1561 1118 1622 humilitate
1191 1576 1254 1622 et
1325 1563 1747 1622 continuarum
1816 1583 2067 1641 precum
2137 1563 2216 1622 ad

265 1652 560 1713 Christum
608 1649 1005 1731 porreetione
1054 1651 1242 1730 ipsum
1286 1650 1557 1711 tolerare
1591 1652 1649 1710 in
1684 1653 1879 1723 terriS,
1929 1651 2215 1730 quamdiu

262 1742 363 1801 fibi
411 1741 576 1801 illum
626 1740 898 1800 tolerare
947 1739 1150 1819 placet
1199 1741 1256 1799 in
1305 1738 1491 1801 coelis
1539 1741 1745 1819 potius
1780 1761 1965 1820 quam
1998 1753 2216 1800 contra

263 1830 450 1910 ipsum
483 1831 847 1910 procedere,
897 1831 1038 1909 quia
1086 1851 1163 1889 ex
1195 1829 1313 1890 hoc
1345 1830 1618 1889 imminet
1650 1828 1984 1908 periculum
2016 1830 2214 1911 magis

261 1922 340 1980 de
390 1921 743 1999 propinquo
793 1940 978 1998 quam
1025 1917 1359 1997 periculum
1393 1917 1855 1997 periclitationis
1890 1919 2076 1978 totius
2112 1939 2211 1978 ec-

261 2008 473 2068 clefiae
523 2010 579 2068 in
629 2008 778 2080 fide,
839 2008 1006 2087 quod
1061 2003 1308 2088 quidem
1356 2007 1440 2067 est
1486 2006 1819 2086 periculum
1865 2007 2211 2081 schismatiS,

260 2099 401 2178 quia
448 2117 592 2157 raro
642 2095 741 2156 vel
791 2118 1102 2177 nunquam
1150 2098 1452 2156 invenitur
1490 2097 1654 2156 fuisse
1689 2109 2028 2176 temptatus
2059 2113 2209 2174 pro-

259 2188 448 2247 cessus
498 2200 715 2247 contra
761 2207 1006 2286 papam,
1055 2187 1196 2266 quin
1244 2186 1438 2245 statim
1492 2186 1760 2245 secutum
1817 2185 1883 2244 fit
1939 2184 2210 2259 schisma,

259 2277 402 2356 quia
426 2297 569 2336 raro
598 2275 698 2349 est,
732 2276 874 2355 quin
907 2296 1074 2375 papa
1105 2275 1335 2335 habeat
1369 2275 1644 2335 fautores
1680 2288 1743 2334 et
1776 2274 2208 2334 adhaerentes.

257 2366 358 2424 De
407 2365 527 2424 fide
578 2378 783 2424 autem
832 2365 1094 2423 maxime
1142 2384 1259 2443 pro
1316 2384 1517 2442 pauco
1575 2376 1864 2442 ternpore
1915 2376 1979 2423 et
2024 2384 2206 2443 prae-

256 2453 459 2514 sertim
517 2454 684 2533 apud
738 2452 1044 2532 sapientes
1095 2473 1219 2513 non
1267 2466 1506 2512 tantum
1553 2451 1889 2531 periculum
1935 2453 2208 2512 imminet

258 2556 322 2603 et
368 2542 667 2622 potissime
717 2543 774 2602 in
822 2541 1129 2621 praesenti
1161 2555 1327 2601 statu
1363 2539 1668 2613 ecclesiae,
1717 2542 1774 2600 in
1809 2561 1933 2622 quo
1967 2555 2033 2601 ut
2065 2541 2208 2602 dicit
2281 2549 2292 2552 ’

256 2632 311 2691 b.
338 2632 658 2703 MaximuS,
692 2629 1071 2692 ridiculosum
1098 2631 1196 2701 est,
1230 2630 1267 2689 fi
1293 2630 1427 2709 post
1458 2630 1907 2709 prophetarum
1940 2629 2206 2703 oracula,

254 2720 392 2800 post
450 2719 866 2800 apostolorum
925 2719 1293 2792 testimonia,
1362 2719 1497 2798 post
1568 2720 1885 2778 martirum
1949 2717 2232 2778 vulnera*

254 2823 536 2870 veterem
582 2809 767 2869 fidem
815 2809 976 2889 quasi
1025 2807 1335 2869 novellam
1389 2809 1694 2867 discutere
1741 2806 2092 2887 praesumas
2123 2820 2205 2870 set

253 2898 388 2978 post
418 2899 808 2959 morientium
840 2897 1093 2958 sudores
1129 2897 1324 2957 otiosa
1357 2897 1774 2975 disputatione
1811 2897 1890 2956 de
1938 2896 2201 2957 veritate

254 2986 570 3068 religionis
635 2987 1009 3059 contendaS,
1081 2999 1145 3046 et
1206 2986 1470 3066 denique
1533 2984 1668 3064 post
1727 2998 1994 3046 mortem
2062 2983 2199 3045 talis

253 3096 459 3155 papae
508 3076 712 3136 facere
762 3077 840 3135 de
889 3096 986 3147 eo,
1035 3089 1100 3135 ut
1132 3073 1432 3134 Damasus
1480 3075 1559 3134 de
1606 3071 1927 3152 praediEto
1953 3073 2198 3135 Liberio

255 3164 410 3223 fecit.
485 3164 567 3223 Et
599 3164 719 3224 hoc
765 3164 1060 3225 consonat
1097 3163 1220 3242 juri
1266 3163 1504 3234 dicenti,
1554 3163 1722 3241 quod
1770 3182 1946 3222 error
1991 3183 2198 3241 papae

252 3254 684 3331 praecedentis
733 3274 848 3332 per
894 3252 1250 3333 sequentem
1298 3252 1522 3332 corrigi
1553 3251 1757 3323 debet,
1806 3264 1871 3310 ut
1901 3250 2079 3329 supra
2111 3249 2197 3311 al·

251 3338 530 3422 legatum
591 3341 688 3401 est.
793 3342 1062 3402 Adducit
1125 3342 1310 3402 etiam
1371 3340 1554 3400 tertio
1618 3337 2018 3398 Benedictum
2078 3339 2196 3412 IX„

253 3429 423 3509 quod
469 3429 654 3488 etiam
700 3450 919 3507 parum
966 3430 1108 3491 facit
1154 3430 1234 3490 ad
1280 3428 1686 3508 propositum,
1746 3427 1886 3508 quia
1943 3427 2038 3487 hic
2082 3448 2195 3507 pa-

251 3531 465 3597 patum
513 3516 814 3577 invaserat
862 3532 925 3579 et
970 3540 1086 3598 per
1130 3518 1442 3578 simoniam
1489 3518 1851 3588 intraverat,
1911 3530 1975 3576 ut
2020 3516 2195 3595 ponit
