2352 3808
1202 131 1273 182 96

260 305 622 384 reprobare,
669 318 846 385 patet
895 327 972 364 ex
1018 306 1113 364 VI.
1162 305 1575 382 conclusione,
1639 321 1703 367 et
1758 308 2093 370 roboratur
2139 332 2218 371 ex

259 392 531 473 praffica
579 407 642 454 et
697 393 1132 455 consuetudine
1194 395 1613 475 antiquorum,
1674 418 1833 476 quae
1891 417 2010 476 pro
2069 397 2215 480 lege

260 483 576 544 certisfima
625 483 708 542 est
754 483 1058 542 habenda.
1106 484 1267 543 Nam
1315 486 1372 542 in
1419 485 1602 565 gestis
1650 486 1687 545 Ι.
1721 486 2036 546 Nicaenae
2084 489 2214 547 uni-

259 571 506 632 versalis
539 572 751 649 synodi
783 585 1069 651 tempore
1102 570 1367 632 Silvestri
1415 573 1767 634 celebratae
1801 573 2030 655 legitur
2061 574 2216 636 haec

262 659 517 740 epistola
547 657 627 732 1):
661 659 1009 722 Beatissimo
1035 682 1242 740 papae
1269 662 1432 721 urbis
1456 663 1700 723 Romae
1725 662 2012 723 Silvestro
2041 664 2215 725 Ofius

262 751 590 829 episcopus
635 750 1064 822 CordubenfiS,
1112 751 1467 829 provinciae
1500 750 1858 831 Hispaniae,
1908 765 1972 812 et
2002 750 2218 813 Vi<stor

261 852 325 898 et
350 839 704 899 Vincentius
737 838 1086 917 presbyteri
1119 840 1283 899 urbis
1308 840 1551 900 Romae
1593 854 1656 900 et
1703 842 1892 901 ceteri
1940 841 2217 920 episcopi

263 927 633 987 CCCXVIII.
674 926 943 987 salutem.
1037 929 1242 1005 Quum
1291 929 1489 988 omnis
1538 930 1946 991 corraborata
1995 929 2080 990 est
2125 930 2215 990 di-

260 1017 414 1076 vinis
464 1016 735 1076 misteriis
785 1015 1173 1076 ecclesiastica
1221 1015 1446 1077 utilitas
1496 1031 1560 1077 et
1608 1039 1684 1077 ea
1717 1040 1876 1098 quae
1911 1020 1992 1079 ad
2025 1019 2217 1078 robur

260 1107 572 1184 pertinent
603 1128 648 1165 S.
683 1104 969 1166 ecclesiae
1003 1104 1342 1165 catholicae
1374 1119 1438 1165 et
1471 1106 1862 1185 apostolicae,
1897 1108 1976 1167 ad
2009 1107 2216 1168 sedem

261 1208 429 1255 tuam
461 1196 812 1255 Romanam
847 1194 1180 1274 explanata
1223 1196 1302 1255 de
1350 1216 1584 1276 graeco
1634 1195 1692 1254 in
1740 1194 1994 1256 latinum
2041 1195 2217 1277 gesta

258 1305 304 1344 5.
353 1281 585 1344 concilii
632 1285 948 1344 scribimus
998 1297 1063 1344 ut
1107 1284 1430 1344 confirmet
1461 1284 1724 1344 vestrum
1757 1283 2216 1346 sanctimonium

258 1374 492 1455 gradus
540 1373 853 1453 praefixos
901 1373 1000 1433 vel
1050 1387 1254 1433 textus
1316 1374 1733 1435 ordinationis,
1794 1375 2001 1451 Quum
2049 1374 2214 1455 quic-

260 1463 405 1543 quid
474 1462 882 1524 constituimus
941 1464 998 1522 in
1057 1464 1332 1523 Nicaeno
1393 1461 1677 1536 concilio,
1736 1484 2090 1541 precamur,
2150 1476 2217 1523 ut

259 1552 436 1612 vestri
498 1553 620 1612 oris
681 1552 984 1612 consortio
1045 1551 1471 1611 confirmetur:
1532 1564 1671 1612 oret
1730 1553 2050 1613 beatitudo
2111 1564 2217 1612 tua

259 1662 376 1721 pro
426 1640 704 1701 universo
753 1638 1026 1702 concilio.
1090 1641 1322 1701 Datum
1371 1641 1513 1700 VIII.
1560 1639 1696 1700 Kal.
1743 1642 1914 1719 Sept.
1961 1639 2218 1700 Paulino

261 1744 325 1791 et
371 1729 609 1808 Juliano
659 1750 814 1790 coss,
891 1730 972 1789 Et
1007 1743 1172 1802 nota,
1208 1731 1377 1810 quod
1409 1730 1674 1808 praefati
1701 1730 1876 1791 Ofius
1912 1743 1975 1789 et
1999 1727 2216 1790 Victor

261 1833 440 1880 erant
488 1820 545 1879 in
592 1818 913 1899 praedi&o
963 1817 1219 1880 concilio
1255 1818 1446 1900 legati
1480 1839 1702 1899 papae,
1752 1833 1816 1878 ut
1849 1819 2024 1898 ponit
2049 1819 2216 1878 Mar-

261 1910 420 1970 tinus
470 1910 527 1968 in
583 1908 685 1968 sua
744 1909 951 1969 chron.
1043 1909 1197 1968 Item
1256 1909 1313 1967 in
1373 1908 1555 1990 gestis
1615 1907 1826 1985 synodi
1872 1907 2216 1987 Ephefinae

261 1998 504 2081 legitur,
554 1999 725 2078 quod
774 1999 1116 2077 imperator
1163 1998 1242 2057 ad
1289 1996 1738 2076 perfectionem
1786 1997 2067 2057 divinitus
2094 1993 2216 2057 -sta-

261 2101 537 2149 tutorum
583 2087 760 2166 petiit
808 2085 1178 2166 apostoliace
1227 2086 1558 2146 cathedrae
1615 2087 1845 2165 apponi
1893 2085 2215 2146 confirma-

260 2178 616 2250 mationem,
665 2189 731 2236 ut
778 2176 851 2236 sic
899 2189 1194 2256 tanquam
1242 2197 1278 2235 a
1311 2176 1365 2234 b.
1397 2176 1583 2235 Petro
1634 2173 1798 2234 fasta
1843 2175 2218 2252 viderentur.

260 2267 414 2327 Item
463 2267 521 2325 in
569 2264 754 2347 gestis
788 2265 884 2324 IV.
916 2264 1144 2343 synodi,
1194 2285 1354 2345 quae
1403 2264 1511 2324 fuit
1545 2262 2080 2334 Chalcedonensis,
2128 2261 2216 2322 le·-

261 2357 442 2438 gitur‚
492 2355 663 2436 quod
711 2352 1029 2433 epistolam
1076 2376 1153 2414 55.
1200 2374 1406 2432 papae
1453 2353 1683 2413 Leonis
1745 2373 1930 2432 quam
1977 2352 2127 2411 mifit
2172 2371 2216 2411 5.

262 2444 559 2505 Flaviano
596 2445 895 2523 episcopo
930 2440 1510 2521 ConstantinopoliS,
1544 2455 1839 2521 tanquam
1871 2439 2220 2502 columnam

261 2533 404 2594 fidei
451 2533 876 2612 susceperunt,
925 2545 989 2592 et
1037 2553 1231 2611 usque
1290 2531 1475 2590 hodie
1537 2530 1610 2590 fic
1669 2528 2034 2609 appellatur.
2123 2529 2220 2589 Ex

263 2644 387 2704 quo
436 2635 630 2703 patet,
679 2622 850 2702 quod
907 2634 1034 2680 tarn
1092 2641 1323 2702 magna
1369 2619 1633 2697 synodus
1693 2639 1819 2680 non
1879 2619 2219 2700 dedignata

264 2712 363 2786 est,
411 2712 597 2772 fidem
646 2731 683 2770 a
728 2731 898 2790 papa
942 2710 1262 2789 suscipere.
1353 2709 1505 2768 Item
1564 2709 1622 2767 in
1683 2707 1963 2787 ejusdem
2009 2706 2220 2784 synodi

262 2801 446 2884 gestis
493 2800 736 2882 legitur,
785 2799 955 2879 quod
1001 2796 1329 2858 Anatolius
1389 2798 1718 2876 episcopus
1767 2818 1904 2856 cum
1950 2794 2218 2856 multitu-

263 2891 404 2951 dine
452 2889 796 2969 sequacium
845 2888 1132 2960 obtinuit,
1191 2900 1258 2946 ut
1317 2887 1692 2946 conderetur
1750 2905 1949 2945 canon
2011 2885 2069 2944 in
2128 2883 2218 2943 fa·-

263 3000 484 3041 vorem
529 2978 685 3039 sedis
721 2973 1442 3054 Constantinopolitanae
1491 2975 1550 3034 in
1596 2973 2036 3053 praejudicium
2066 2970 2218 3032 Ale-

263 3069 602 3128 xandrinae
633 3066 803 3126 sedis,
875 3066 995 3143 Qui
1040 3077 1249 3124 tamen
1298 3084 1514 3137 canon,
1563 3064 1731 3142 quod
1778 3063 1836 3121 in
1884 3059 2047 3120 illum
2095 3080 2220 3121 non

265 3156 691 3217 consenserant
738 3153 931 3236 legati
979 3151 1318 3232 apostolici,
1376 3173 1499 3212 non
1548 3151 1656 3211 fuit
1689 3172 1740 3210 ·a
1785 3170 1969 3230 papa,
2018 3170 2220 3230 neque

266 3266 303 3304 a
349 3245 739 3324 sequentibus
789 3241 1052 3304 conciliis
1108 3236 1410 3320 receptus.
1490 3240 1776 3318 Quinimo
1826 3251 2220 3317 cumvpatres

266 3331 409 3394 dicti
456 3331 690 3393 concilii
737 3344 1028 3411 peterent
1074 3329 1604 3391 confirmationem
1651 3347 1894 3399 eorum,
1955 3347 2114 3406 quae
2161 3326 2221 3384 in

392 3480 437 3533 1)
469 3480 528 3520 Es
560 3471 741 3519 braueht
774 3480 886 3519 wohl
917 3480 1047 3519 kaurn
1081 3478 1270 3519 erwahnt
1300 3490 1350 3516 zu
1381 3477 1572 3530 werden,
1607 3475 1705 3515 dass
1738 3473 1877 3513 dieser
1907 3471 2028 3512 Brief
2057 3471 2220 3525 spatere

276 3540 543 3592 Erdiehtung
573 3538 638 3578 ist.
