2352 3808
1166 125 1270 176 100

237 298 423 359 tiense
471 297 570 358 vel
620 297 954 370 Bafileense
1002 298 1102 357 vel
1153 301 1563 380 quodcunque
1611 303 1676 362 fit
1725 302 1884 375 illud,
1930 305 1968 362 s1
2002 325 2184 382 prae-

234 388 541 461 tenderat,
589 407 820 466 papam
866 386 1155 466 subjicere
1204 386 1444 470 legibus
1491 390 1630 463 suis,
1691 412 1950 471 quarum
1996 393 2187 453 robur

235 489 299 536 et
346 476 730 537 confirmatio
779 476 857 534 ab
906 475 1034 554 ipso
1084 477 1460 556 dependent,
1508 480 1819 540 manifeste
1867 482 2118 541 deviant
2148 502 2188 541 a

234 565 670 626 consuetudine
731 564 1079 624 universalis
1140 565 1454 639 ecclesiae,
1518 582 1584 628 ut
1642 591 1719 629 ex
1776 569 2186 648 superioribus

233 668 424 735 patet.
515 655 707 735 Igitur
753 673 869 732 pro
928 656 1204 715 erroneis
1253 658 1462 735 quoad
1519 657 1637 718 hoc
1695 658 1825 718 sunt
1882 658 2186 719 habenda.

233 743 640 823 Nec‚obstat‚
689 743 859 822 quod
906 744 1062 816 dicit,
1112 745 1279 824 quod
1328 745 1582 806 concilia
1620 747 1911 826 Papiense
1960 748 2186 811 etSe-

235 832 415 893 nense
465 832 688 891 eadem
737 829 876 891 acta
922 833 1363 911 probaverunt.
1454 835 1690 895 Scimus
1740 837 1927 910 enim,
1985 835 2188 916 qualia

234 922 388 981 haec
435 922 558 981 duo
609 919 864 980 concilia
911 922 1148 981 fuerint.
1218 923 1300 982 Et
1341 924 1528 983 etiam
1561 923 1598 982 fi
1632 925 1690 984 in
1740 924 1930 1004 duplo
1980 926 2189 986 forent

231 1010 410 1091 plura
459 1029 674 1070 eorum
724 1009 1116 1071 conciliorum
1165 1032 1325 1091 quae
1371 1014 1686 1073 nominata
1718 1014 1848 1073 sunt
1881 1027 1945 1074 et
1976 1015 2188 1093 potior

234 1114 298 1160 et
357 1100 666 1180 antiquior
725 1112 896 1159 extat
954 1099 1292 1160 auctoritas
1353 1115 1417 1160 et
1475 1124 1591 1180 per
1648 1102 2027 1183 consequens
2075 1100 2187 1162 illis

232 1190 507 1249 standum
529 1188 709 1267 juxta
742 1189 982 1248 causam
1014 1188 1523 1272 praeallegatam.
1600 1191 1777 1251 Haec
1808 1205 2018 1252 autem
2048 1190 2189 1251 licet

233 1300 359 1339 non
405 1292 709 1358 protervo
744 1277 962 1339 lectori
995 1278 1265 1338 sufficere
1298 1280 1541 1358 possent
1573 1281 1962 1341 adveritatis
1995 1281 2187 1340 mani-

234 1368 631 1437 festationem,
673 1380 882 1427 tamen
916 1367 1355 1428 confirmantur
1388 1390 1464 1428 ex
1496 1367 1778 1430 doctrina
1817 1370 1871 1429 b.
1902 1369 2188 1429 Thomae

232 1458 268 1517 Ι.
309 1478 358 1516 2.
392 1479 487 1537 qu.
522 1457 729 1516 CXVI.
768 1470 878 1516 art.
922 1458 1010 1530 V„
1059 1458 1159 1517 ubi
1208 1458 1545 1537 disputanS,
1595 1480 1672 1518 an
1720 1459 2006 1537 princeps
2053 1457 2186 1518 sub-

222 1546 466 1626 jiciatur
513 1545 769 1628 legibus.
847 1546 1204 1626 Respondit,
1253 1548 1439 1627 quod
1469 1548 1756 1627 princeps
1805 1548 2019 1607 dicitur
2066 1547 2187 1608 esse

231 1634 460 1696 solutus
495 1634 738 1717 legibus
773 1649 1070 1715 quantum
1111 1637 1192 1696 ad
1239 1638 1360 1695 vim
1409 1634 1750 1696 coactivam
1797 1635 1971 1718 legis,
2019 1635 2187 1714 cujus

234 1724 583 1804 oppofitum
642 1725 809 1798 dicit,
870 1723 1045 1785 videl.
1105 1726 1273 1805 quod
1327 1747 1495 1805 papa
1542 1726 2014 1786 contraveniens
2060 1722 2189 1805 legi

234 1812 483 1887 concilii,
533 1815 882 1894 condignae
930 1835 1177 1893 poenae
1226 1814 1425 1893 subjici
1474 1815 1693 1890 debet,
1753 1816 1810 1874 in
1866 1833 1990 1895 quo
2040 1834 2187 1875 con-

232 1903 367 1963 fistit
424 1903 514 1962 vis
574 1901 868 1963 coactiva.
969 1904 1051 1963 Et
1109 1903 1304 1963 subdit
1363 1905 1526 1963 idem
1584 1902 1808 1964 doctor
1866 1905 2188 1964 rationem.

233 1990 449 2052 Nullus
511 1993 671 2051 enim
731 1993 974 2074 cogitur
1029 2014 1066 2052 a
1113 1992 1331 2072 seipso;
1390 1992 1490 2052 lex
1550 2006 1758 2053 autem
1817 2011 1942 2053 non
2001 1992 2191 2052 habet

232 2083 522 2142 virtutem
571 2080 669 2140 nifi
718 2103 756 2141 a
802 2082 1087 2161 principis
1135 2081 1472 2161 potestate,
1526 2083 1600 2142 fic
1663 2083 1847 2163 igitur
1902 2083 2188 2161 princeps

233 2172 449 2232 dicitur
497 2172 616 2231 esse
663 2169 890 2232 solutus
936 2169 1168 2253 alege,
1217 2172 1358 2252 quia
1406 2170 1601 2230 nullus
1648 2170 1850 2249 potest
1896 2172 1954 2230 in
2001 2169 2189 2249 ipsum

222 2261 516 2341 judicium
575 2261 1104 2320 condemnationis
1164 2261 1351 2333 ferre,
1399 2261 1437 2319 fi
1486 2273 1703 2320 contra
1749 2258 2188 2341 legem‘agat3

232 2351 337 2411 sed
385 2362 682 2430 quantum
731 2350 810 2409 ad
857 2350 979 2408 vim
1015 2348 1376 2409 directivam
1409 2347 1566 2431 legis
1601 2349 1888 2428 princeps
1921 2348 2190 2408 subditur

233 2438 359 2521 legi
406 2439 663 2518 propria
704 2437 1047 2511 voluntate⁷
1094 2438 1420 2498 secundum
1453 2440 1622 2518 quod
1654 2439 1868 2498 dicitur
1901 2450 2076 2498 extra
2109 2437 2188 2496 de

235 2529 433 2590 consti.
529 2529 683 2588 Cum
732 2549 979 2589 omnes:
1040 2529 1204 2587 unde
1261 2540 1558 2608 quantum
1616 2528 1694 2587 ad
1753 2527 1853 2587 dei
1899 2526 2190 2606 judicium

234 2619 520 2699 princeps
570 2638 695 2678 non
745 2617 829 2677 est
874 2616 1101 2678 solutus
1150 2638 1188 2677 a
1235 2615 1380 2698 lege
1429 2629 1724 2697 quantum
1782 2616 1862 2675 ad
1919 2616 2040 2675 vim
2097 2615 2187 2674 di-

234 2707 531 2770 rectivam
566 2707 715 2786 ejuS‚
748 2705 851 2766 sed
885 2707 1076 2766 debet
1104 2704 1502 2778 voluntarius,
1537 2724 1663 2764 non
1696 2703 1947 2764 coactus
1980 2702 2188 2784 legem

236 2795 506 2876 implere.
577 2796 754 2856 Haec
787 2794 900 2855 ille.
970 2796 1089 2855 Ubi
1123 2797 1309 2855 etiam
1344 2795 1591 2854 adducit
1636 2793 1832 2876 glossa
1881 2792 2188 2853 ordinaria

234 2886 413 2966 super
470 2883 644 2945 illud:
704 2884 842 2944 Tibi
899 2883 1004 2945 soli
1062 2884 1338 2963 peccavi,
1398 2905 1559 2963 quae
1618 2883 1692 2942 s1c
1748 2883 1967 2943 habet:
2027 2880 2188 2957 Quia

235 2997 347 3036 rex
394 2974 479 3035 est
527 2974 807 3034 omnibus
855 2973 1156 3053 superior,
1216 2974 1357 3033 ideo
1408 2993 1445 3031 a
1492 2974 1615 3032 deo
1671 2985 1910 3032 tantum
1957 2970 2057 3050 qui
2105 2968 2189 3028 est

237 3063 439 3143 major
487 3084 566 3124 eo
614 3064 958 3143 puniendus
1007 3063 1106 3123 est.
1163 3062 1228 3122 Si
1276 3062 1408 3141 quis
1457 3062 1536 3121 de
1584 3059 1820 3140 populo
1870 3058 2187 3130 erraverit,

238 3166 302 3212 et
345 3153 468 3213 deo
518 3165 736 3232 peccat
784 3165 848 3212 et
894 3153 1060 3234 regi3
1108 3173 1218 3211 rex
1264 3170 1418 3210 vero
1468 3149 1829 3209 nonhabet
1875 3148 2188 3208 hominem

239 3242 340 3321 qui
402 3240 504 3300 sua
551 3240 716 3301 facta
763 3240 1067 3319 dijudicet,
1117 3240 1258 3299 ideo
1317 3239 1430 3298 ait:
1479 3239 1617 3298 Tibi
1649 3236 1755 3298 soli
1787 3237 2053 3316 peccavi.
2121 3235 2187 3295 Si

238 3330 423 3411 igitur
469 3329 572 3388 ista
620 3331 898 3404 dicuntur
945 3330 1024 3388 de
1071 3329 1346 3408 principe
1396 3341 1460 3387 et
1498 3348 1672 3407 rege,
1721 3338 1953 3406 quanto
1988 3324 2186 3406 magis

238 3419 317 3477 de
367 3438 445 3477 eo
495 3418 597 3497 qui
631 3417 729 3479 ,est
774 3420 1061 3497 princeps
1109 3417 1449 3496 principum
1475 3417 1533 3475 in
1566 3416 1762 3487 terriS‚
1809 3435 1920 3473 rex
1966 3433 2188 3494 regum

241 3519 305 3569 et
351 3506 633 3566 dominus
682 3507 1138 3567 dominantium.
1222 3507 1355 3565 Nec
1400 3503 1586 3578 valet,
1632 3503 1670 3562 fi
1719 3504 1968 3576 dicatur‚
2017 3499 2187 3581 quod
