2352 3808
1074 169 1145 223 43

91 362 261 410 'rem
309 348 375 410 fit
423 349 740 410 innovatio
790 349 1026 429 absque
1076 346 1208 428 ejus
1255 347 1495 428 speciali
1551 350 1863 409 mandato.
1941 350 2085 410 Non

129 439 290 500 enim
338 437 418 499 illi
450 438 638 499 talem
686 437 1060 516 potestatem
1109 439 1297 509 dedit,
1345 452 1412 498 ut
1452 437 1614 498 illam
1663 436 1839 498 alteri
1888 439 2084 509 daret,

128 529 271 609 quia
324 526 639 589 verifimile
700 527 797 599 est,
860 549 1000 587 eum
1054 526 1216 588 velle
1277 528 1379 588 fibi
1440 548 1595 588 onus
1657 541 1721 588 et
1780 528 2086 587 honorem

57 675 59 677 ,
127 615 471 678 collationis
505 618 562 677 in
595 616 697 677 sua
743 616 1017 694 servare3
1066 616 1169 677 sed
1218 618 1297 677 ad
1345 618 1464 678 hoc
1512 618 1699 687 dedit,
1750 630 1815 676 ut
1857 615 2084 676 dictum

127 706 226 774 est,
285 720 351 767 ut
399 705 499 768 illa
556 719 837 766 uteretur
890 708 970 766 ad
1019 707 1326 767 honorem
1376 720 1439 766 et
1487 708 1882 767 commodum
1939 726 2084 766 con-

126 796 414 856 cedentis,
473 796 655 856 Unde
706 817 818 856 nec
864 817 1033 875 papa
1080 796 1282 875 potest
1329 795 1512 856 alium
1560 817 1791 875 papam
1823 794 1922 855 vel
1971 817 2084 877 ge—

126 884 401 946 neralem
448 885 658 945 Christi
704 886 993 945 vicarium
1049 884 1402 945 substituere
1459 887 1700 945 ratione
1750 883 2084 964 praedi&a.

124 974 312 1052 Quod
347 974 810 1035 etiamfirmant
844 996 1133 1049 canoneS,
1167 989 1234 1034 ut
1268 988 1418 1034 extr.
1445 975 1524 1034 de
1554 976 1655 1036 off.
1680 976 1860 1035 vicar.
1889 973 2084 1034 Cleri-

125 1084 248 1137 cOS,
290 1065 392 1124 ubi
424 1065 690 1124 habetur
723 1086 799 1124 ex
832 1078 1022 1135 textu,
1065 1066 1233 1144 quod
1266 1065 1557 1124 vicariurn
1598 1065 1962 1125 constituere
1996 1065 2083 1123 vi-

124 1155 351 1226 cariurn
379 1155 629 1214 omnino
659 1152 743 1214 est
776 1154 1070 1215 absonum
1104 1168 1167 1214 et
1200 1152 1552 1232 absurdum;
1586 1155 1687 1214 ubi
1722 1155 1909 1214 etiam
1942 1154 2083 1214 dicit

122 1240 336 1325 glossa,
385 1245 555 1324 quod
602 1244 658 1303 in
710 1242 873 1303 nullo
924 1243 1056 1304 casu
1106 1242 1246 1303 licet
1279 1233 1504 1303 vicario
1556 1242 1737 1303 alium
1785 1243 1887 1303 fibi
1919 1244 2082 1303 vica-

123 1332 276 1392 rium
307 1332 672 1394 substituere.
705 1333 810 1392 Ad
838 1333 1001 1393 idem
1036 1333 1221 1392 etiam
1255 1333 1396 1392 facit
1430 1355 1475 1392 e.
1502 1332 1692 1410 Quod
1726 1331 2082 1392 translatio-

123 1442 265 1483 nem
299 1436 448 1483 extr.
475 1423 553 1483 de
590 1423 690 1483 off.
715 1420 894 1503 lega,
927 1422 1107 1502 super
1133 1442 1256 1502 quo
1285 1422 1447 1482 idern
1482 1421 1851 1482 confirmans
1885 1420 2083 1502 glossa

122 1510 290 1585 dicit,
339 1513 509 1592 quod
558 1511 642 1572 est
690 1510 898 1584 fimile,
955 1511 1095 1592 quia
1144 1510 1284 1571 licet
1332 1510 1791 1590 paterfamilias
1824 1510 2082 1571 liberam

122 1601 405 1661 concedit
448 1599 570 1662 filio
622 1600 1223 1680 administrationem,
1274 1622 1398 1661 non
1441 1614 1650 1661 tamen
1684 1599 1886 1680 potest
1935 1599 2081 1661 alie-

121 1710 270 1750 nare
319 1691 377 1750 ff.
425 1691 504 1751 de
564 1691 655 1751 his
717 1711 877 1770 quae
927 1691 957 1750 i.
1007 1691 1156 1751 frau.
1206 1711 1322 1750 cre.
1370 1691 1434 1750 Si
1492 1705 1689 1770 pater.
1767 1691 1959 1750 Itern
1970 1711 2083 1750 nec

120 1779 358 1839 donare
403 1780 459 1839 Η.
494 1781 573 1841 de
622 1782 805 1840 dona.
854 1778 1313 1839 Filiusfamilias
1382 1780 1666 1840 Eandem
1715 1781 1902 1840 etiam
1950 1778 2080 1840 sen-

121 1869 379 1929 tentiam
413 1882 587 1930 tenet
620 1870 926 1939 HerveuS,
961 1870 1061 1929 ubi
1095 1868 1287 1947 supra.
1349 1869 1541 1946 Quod
1574 1869 1611 1928 fi
1646 1870 1811 1929 dicas
1847 1882 2081 1938 contra,

120 1958 262 2038 quia
315 1979 486 2037 papa
543 1959 854 2019 summittit
904 1971 968 2018 et
1016 1959 1340 2018 committit
1386 1958 1446 2018 se
1485 1958 1717 2037 judicio
1780 1958 2080 2017 confesso-

119 2068 271 2121 rum,
319 2048 474 2121 dico,
524 2050 694 2128 quod
741 2046 1015 2126 potestas
1059 2047 1444 2108 consesfionis
1478 2062 1545 2108 ut
1585 2047 1658 2106 fic
1690 2047 1776 2107 est
1808 2046 2080 2127 potestas

118 2135 602 2215 sacramentali53
658 2157 826 2217 papa
874 2150 1084 2196 autem
1132 2158 1254 2197 non
1307 2137 1391 2196 est
1439 2135 1749 2197 absolutus
1799 2158 1835 2196 a
1882 2136 2079 2196 sacra-

118 2226 358 2299 mentiS,
418 2228 562 2307 quia
620 2248 735 2307 per
784 2247 860 2285 ea
920 2225 1179 2285 efficitur
1237 2224 1545 2305 subjectus
1605 2227 1747 2296 deo,
1807 2227 1907 2306 qui
1967 2247 2081 2304 per

117 2313 500 2394 semetipsum
553 2329 853 2396 operatur
901 2314 1193 2375 effe6³mm
1240 2317 1500 2397 gratiae.
1559 2316 1641 2375 Et
1675 2316 1861 2375 etiam
1894 2335 2078 2394 prae-

117 2401 475 2464 sumendum
544 2405 656 2478 est,
726 2402 1157 2484 principalem,
1208 2405 1301 2464 sc,
1366 2404 1694 2476 Christum,
1769 2403 2080 2483 hocipsum

117 2491 368 2553 voluisse
427 2515 543 2572 pro
604 2492 793 2554 salute
854 2494 1096 2552 animae
1155 2514 1378 2572 papae.
1464 2494 1633 2553 Sicut
1694 2493 1731 2552 fi
1791 2495 2079 2572 princeps

119 2580 381 2642 instituat
427 2584 744 2653 vicarium,
805 2604 990 2662 quem
1037 2581 1184 2641 velit
1243 2583 1343 2641 fibi
1392 2582 1497 2641 soli
1554 2584 1675 2642 esse
1724 2581 2078 2661 subjectum,

117 2691 231 2749 per
290 2671 410 2732 hoc
468 2693 594 2733 non
654 2670 1020 2744 excluditur,
1082 2672 1225 2751 quin
1285 2670 1407 2750 ipse
1466 2672 1724 2730 vicarius
1784 2670 1961 2750 posfit
2020 2670 2078 2729 se

116 2759 490 2821 summittere
550 2763 807 2822 medico.
884 2760 1399 2821 Praesumendum
1449 2759 1534 2820 est
1593 2761 1807 2831 etiarn,
1867 2761 1904 2819 fi
1954 2780 2078 2820 non

118 2849 513 2928 exprimatur,
573 2852 742 2931 quod
798 2851 1085 2929 princeps
1141 2849 1290 2910 velit
1345 2849 1513 2909 suum
1561 2850 1853 2909 vicarium
1908 2849 2077 2928 posse

115 2937 174 2998 se
234 2937 609 3000 summittere
669 2940 1021 3019 praeceptis
1082 2940 1300 2998 medici
1359 2958 1478 3018 pro
1540 2937 1729 2999 salute
1780 2939 2077 3018 corporis.

118 3048 196 3087 ne
242 3028 502 3088 vicarius
552 3050 629 3089 ex
687 3028 792 3090 suo
855 3028 1058 3088 officio
1120 3029 1419 3088 reddatur
1477 3028 1804 3088 deterioris
1867 3028 2077 3088 condi-

119 3116 300 3176 tionis
349 3109 572 3178 ceteris
621 3118 884 3185 subditis,
933 3130 999 3177 ut
1046 3115 1263 3177 scilicet
1311 3118 1412 3198 qui
1459 3116 1618 3177 solus
1667 3118 1868 3196 posset
1915 3116 2077 3177 infir-

118 3206 269 3264 mari
316 3220 381 3266 et
429 3228 554 3268 non
601 3207 810 3267 sanari.
888 3207 1021 3266 Nec
1053 3205 1173 3266 hoc
1221 3205 1305 3266 est
1352 3207 1409 3265 in
1457 3206 1858 3285 prejudicium
1905 3205 2075 3266 dele-

117 3305 307 3374 gatae
355 3296 675 3375 potestatis
725 3295 1007 3368 vicariae,
1055 3293 1158 3354 sed
1206 3295 1264 3354 in
1314 3293 1739 3355 adminiculum
1789 3308 1853 3355 et
1899 3294 2075 3355 subfi-

118 3382 313 3460 dium3
362 3406 486 3446 non
521 3385 605 3446 est
638 3386 800 3446 enim
849 3385 928 3444 ad
979 3383 1418 3445 alienationem
1450 3382 1550 3444 vel
1594 3384 2076 3453 diminutionem,

117 3469 220 3530 sed
268 3470 348 3532 ad
394 3474 820 3556 integritatem
853 3486 917 3534 et
951 3471 1510 3533 conservationem.
1560 3472 1876 3534 Instituens
1915 3475 2076 3534 enim

118 3557 344 3640 aliquid
377 3577 638 3642 propter
684 3563 870 3622 finem
918 3560 1275 3643 intelligitur
1324 3563 1652 3622 admittere
1694 3575 1757 3622 et
1789 3561 1951 3623 velle
2001 3583 2077 3622 ea
