2352 3808
1109 144 1178 197 89

0 406 5 419 ,
93 357 98 362 ·
166 320 330 384 dicta
387 321 806 402 responsione,
868 323 1079 403 quoad
1139 321 1307 382 istum
1365 319 1658 401 punctum
1720 319 1896 382 videl.
1956 322 2124 402 quod

167 411 252 474 est
298 412 512 492 sponsa
559 425 623 473 et
669 410 844 472 soror
893 411 1103 472 Christi
1151 412 1352 481 unica,
1402 413 1661 484 decora,
1711 424 1774 471 et
1822 411 1943 471 sine
1992 431 2123 471 ma-

167 500 301 562 cula
346 501 452 562 &o
546 501 727 579 Quae
779 502 985 561 omnia
1033 501 1164 562 sunt
1211 522 1360 561 vera
1410 502 1489 561 de
1539 500 1788 561 ecclesia
1836 522 1972 560 cum
2018 500 2124 560 suo

0 608 7 615 ·
59 671 61 673 q
166 592 368 671 capite
401 611 584 670 papa.
645 588 820 650 Alias
854 591 1009 663 dico,
1044 591 1214 671 quod
1249 591 1364 651 erit
1398 592 1548 651 dare
1578 590 1811 651 Christo
1846 589 2125 669 sponsam

168 693 232 740 et
264 679 540 740 sororem
573 678 938 758 acephalam
972 693 1036 740 et
1061 693 1421 752 truncatam,
1455 693 1718 760 turpem,
1752 680 2126 753 indecoram,

145 767 643 830 'abominabilem
694 782 758 828 et
804 767 1057 848 plenam
1090 768 1355 829 maculis,
1434 770 1623 847 Quod
1650 769 1686 829 fi
1714 770 1934 842 dicant,
1968 768 2126 829 hanc

166 856 504 932 ecclesiam,
565 880 644 918 sc,
703 879 871 938 papa
925 857 1175 931 secluso,
1235 872 1499 938 propter
1556 858 1637 919 sui
1698 857 2126 918 excellentiam

166 947 287 1009 esse
336 961 400 1007 et
448 967 673 1027 corpus
723 961 787 1008 et
835 962 1037 1027 caput,
1086 947 1227 1009 ficut
1278 947 1403 1029 legi
1438 949 1495 1007 in
1529 947 1822 1027 scriptura
1855 949 2126 1029 quadam

165 1037 244 1097 ab
291 1057 416 1096 uno
466 1058 543 1097 ex
589 1038 710 1111 his,
772 1058 932 1118 quae
980 1038 1111 1097 sunt
1160 1038 1218 1096 in
1267 1036 1583 1099 Bafileensi
1633 1036 1889 1098 concilio
1941 1038 2124 1110 edita,

165 1127 470 1206 quosdam
516 1125 788 1209 fingere:
839 1140 1008 1187 certe
1057 1127 1114 1186 hi
1139 1126 1273 1205 jam
1306 1128 1386 1186 ad
1420 1141 1651 1187 metam
1685 1125 2125 1205 inopinabilem

164 1215 412 1276 deducti
444 1215 604 1295 sunt3
639 1217 757 1277 hoc
790 1215 874 1276 est
908 1218 1068 1276 enim
1102 1215 1460 1277 miserorum
1493 1217 1815 1298 refugium,
1857 1229 1924 1276 ut
1956 1215 2124 1276 suam

163 1306 566 1385 pertinaciam
612 1305 930 1366 sustineant
988 1307 1070 1366 ad
1129 1304 1355 1386 aliquid
1414 1304 1790 1386 inopinabile
1851 1319 1914 1366 et
1973 1304 2123 1365 alias

165 1395 502 1455 inauditum
550 1396 1018 1456 concedendurn
1080 1396 1309 1454 venire.
1418 1396 1481 1455 Si
1547 1396 1707 1455 enim
1771 1408 1959 1474 caput
2022 1393 2122 1467 est,

153 1483 286 1564 jam
334 1505 459 1545 non
509 1484 593 1544 est
640 1506 892 1564 corpuS‚
942 1499 1005 1545 et
1053 1485 1090 1544 s1
1139 1504 1393 1563 corpu8‚
1432 1485 1565 1564 jam
1614 1503 1740 1544 non
1790 1483 1874 1544 est
1921 1496 2123 1564 caput,

164 1595 300 1634 cum
347 1574 502 1634 haec
548 1574 658 1634 sint
705 1573 963 1635 relative
1014 1574 1314 1654 oppofita.
1409 1575 1601 1652 Quod
1648 1574 1686 1632 fi
1735 1575 1940 1634 dicere
1989 1570 2121 1633 vel-

161 1661 306 1736 lent,
355 1664 524 1743 quod
572 1663 656 1723 est
704 1677 889 1743 caput
937 1677 1001 1724 et
1049 1684 1275 1743 corpus
1325 1662 1664 1738 collective,
1700 1684 1825 1723 non
1860 1663 2122 1736 divisive,

162 1753 283 1814 hoc
341 1753 425 1813 est
487 1754 544 1812 in
609 1753 949 1833 composito
1012 1773 1138 1813 non
1197 1752 1384 1813 diviso
1445 1752 1640 1827 sensu,
1701 1753 1844 1812 ficut
1892 1753 2124 1821 dicitur,

167 1842 335 1923 quod
398 1843 522 1903 duo
588 1856 651 1902 et
707 1844 823 1902 tria
871 1842 1003 1902 sunt
1065 1843 1367 1923 quinque,
1439 1841 1580 1902 licet
1651 1863 1763 1901 nec
1828 1842 1954 1902 duo
2017 1842 2128 1901 sint

167 1932 436 2012 quinque
486 1953 599 1991 nec
647 1932 764 1992 tria
803 1932 913 1992 sint
946 1934 1245 2013 quinque:
1295 1944 1438 1991 tunc
1470 1931 1752 2012 sequitur,
1801 1931 1972 2011 quod
2004 1951 2127 1991 una

163 2020 428 2101 persona
475 2020 573 2081 vel
623 2042 745 2082 una
792 2041 936 2100 pars
986 2021 1142 2082 istius
1192 2020 1542 2081 universalis
1593 2019 1878 2080 ecclesiae
1915 2020 1990 2079 fic
2022 2040 2123 2079 ac-

165 2123 386 2190 ceptae
436 2112 552 2171 erit
600 2124 784 2190 caput
834 2125 898 2172 et
931 2109 1050 2171 alia
1083 2130 1326 2190 corpuS‚
1376 2111 1519 2170 ficut
1552 2131 1673 2170 una
1705 2130 1851 2190 pars
1886 2110 2123 2169 numeri

165 2201 419 2280 quinarii
469 2200 552 2260 est
600 2200 724 2261 duo
776 2213 839 2260 et
887 2198 1004 2260 alia
1052 2201 1181 2260 tria.
1253 2200 1335 2260 Et
1383 2221 1519 2259 cum
1566 2220 1734 2279 papa
1770 2196 2126 2280 intelligitur

165 2287 434 2350 exclusus
468 2290 546 2349 ab
581 2289 684 2350 ista
719 2287 983 2363 ecclesia,
1024 2303 1087 2349 et
1119 2288 1241 2369 ipse
1277 2290 1466 2349 etiam
1498 2290 1565 2349 sit
1599 2302 1784 2368 caput
1818 2287 2125 2357 ecclefiae,

164 2391 230 2439 ut
278 2378 361 2438 isti
409 2379 597 2439 etiam
645 2381 1007 2450 concedunt,
1057 2378 1324 2459 sequitur
1372 2379 1733 2451 necessari0‚
1783 2378 1906 2438 duo
1957 2374 2123 2436 fimul

165 2468 285 2528 esse
304 2469 506 2547 capita
521 2466 843 2550 generalia
864 2467 1214 2528 universalis
1235 2466 1523 2528 ecclesiae
1542 2482 1797 2547 praeter
1812 2466 2124 2539 Christum,

165 2558 265 2638 qui
299 2556 384 2617 est
416 2571 601 2637 caput
645 2555 997 2637 principale.
1076 2557 1176 2616 De
1226 2555 1330 2616 tali
1381 2557 1544 2616 enim
1593 2557 1793 2635 capite
1842 2554 2125 2637 generali

165 2668 323 2706 nunc
357 2644 679 2727 loquimur,
728 2647 849 2707 hoc
897 2660 1106 2706 autem
1155 2658 1453 2726 quantum
1501 2645 1568 2705 fit
1616 2646 1866 2724 impium
1915 2657 1979 2705 et
2027 2665 2124 2704 er-

164 2756 426 2796 roneum
474 2735 855 2796 manifestum
904 2736 988 2796 est
1036 2734 1281 2795 cuilibet
1330 2735 1603 2794 intuenti.

741 2885 1102 2945 TERTIUS
1165 2884 1544 2946 PUNCTUS.

296 3004 546 3064 Tertius
610 3004 878 3083 denique
942 3002 1146 3063 dictae
1209 3002 1614 3081 responsionis
1678 3000 1941 3081 punctus
2017 3021 2123 3060 ex-

163 3093 368 3173 primit
416 3091 842 3153 excellentiam
889 3091 1211 3171 potestatis
1273 3089 1695 3162 conciliorum,
1757 3111 1892 3150 cum
1951 3090 2125 3150 dicit:

163 3182 535 3243 Praeteristis
586 3183 773 3242 etiam
820 3180 1053 3242 filentio
1103 3180 1411 3241 sacrorum
1469 3178 1860 3262 generalium
1921 3180 2122 3240 conci-

164 3269 384 3332 liorum
417 3269 855 3332 auctoritatem
888 3270 1010 3342 &c.‚
1060 3270 1161 3330 ubi
1209 3270 1486 3330 attribuit
1533 3266 1819 3349 generali
1867 3266 2124 3330 concilio

175 3355 244 3419 1⁰
302 3361 473 3440 quod
530 3360 721 3420 habet
784 3359 1157 3438 potestatem
1219 3359 1572 3418 immediate
1637 3379 1675 3417 a
1735 3357 1999 3431 Christo,
2061 3370 2125 3418 et

165 3449 285 3509 hoc
333 3469 457 3510 non
505 3447 623 3509 alia
670 3450 769 3508 via
814 3450 1060 3528 probat,
1110 3447 1208 3507 nifi
1258 3449 1400 3528 quia
1447 3447 1520 3507 fic
1567 3446 1889 3528 diffinitum
1938 3446 2024 3508 est
2064 3447 2122 3506 in

166 3536 420 3598 concilio
457 3537 915 3612 Constantienfi,
950 3538 1120 3618 quod
1153 3537 1399 3616 quidem
1432 3536 1592 3596 bene
1628 3549 1691 3597 et
1723 3534 1885 3596 male
1919 3534 2124 3616 potest
