2352 3808
1216 135 1318 188 110

281 324 410 369 tam
472 324 756 389 apertam
819 311 1120 370 rubricam
1185 312 1520 371 addidisset.
1623 314 1850 373 Videat
1912 334 2070 396 ergo
2129 315 2231 376 iste

281 398 681 478 respondens,
731 401 1047 478 quomodo
1096 400 1259 459 bene
1306 421 1352 459 s,
1384 400 1440 459 T
1443 401 1693 460 homam
1739 403 1962 462 viderit
2008 404 2067 462 in
2104 404 2233 463 *hoc

280 489 466 567 passu,
516 502 580 548 et
627 506 754 547 non
802 487 945 547 false
995 487 1074 547 illi
1122 489 1446 559 attribuat,
1495 489 1663 570 cujus
1712 490 2060 570 oppofitum
2105 504 2232 552 tam

281 576 445 637 clare
493 579 692 637 docet.
771 577 959 654 Quod
1007 577 1044 636 fi
1094 576 1294 637 forsan
1342 579 1519 650 dicat,
1566 578 1626 638 se
1675 578 1752 638 illi
1799 579 1958 639 hunc
2004 579 2234 639 sensum

282 685 406 725 non
439 666 795 739 attribuere,
829 665 932 725 sed
961 666 1039 725 -fic
1072 663 1237 725 illurn
1272 667 1392 726 esse
1423 665 1907 748 intelligendum,
1941 682 2007 728 ut
2042 669 2233 728 verba

280 754 398 822 sua,
428 754 673 814 sonant:
723 755 878 826 dico,
916 756 1085 834 quod
1118 755 1238 814 hoc
1267 756 1469 834 posset
1502 757 1706 817 dicere
1741 758 1993 817 attentis
2026 758 2232 837 verbis

280 844 317 902 I.
350 864 496 922 cap.7
545 843 649 903 sed
697 864 1091 923 nequaquam
1138 856 1381 904 attento
1415 845 1477 904 ΙΙ.
1511 865 1640 924 cap.
1718 847 2026 906 Attendat
2073 866 2231 928 ergo

280 934 506 1011 potiuS,
556 954 633 992 ne
692 932 915 992 socium
974 951 1384 992 erroneorum
1433 933 1818 994 Graecorum
1877 934 1937 994 se
1995 935 2233 1009 statuat,

281 1043 417 1080 cum
450 1022 613 1081 idem
646 1019 887 1093 doctor,
932 1035 998 1081 ut
1030 1022 1418 1100 praemissum
1444 1022 1543 1095 est,
1576 1024 1766 1082 dicat:
1817 1024 2005 1100 Quod
2037 1023 2232 1084 fimilis

282 1131 458 1170 error
516 1111 600 1170 est
657 1111 1012 1180 dicentium,
1064 1109 1275 1169 Christi
1321 1112 1609 1170 vicarium
1655 1113 1834 1171 Rom.
1881 1111 2234 1191 pontificem

282 1220 405 1259 non
455 1200 689 1259 habere
739 1198 1089 1259 universalis
1151 1197 1437 1259 eccleslae
1484 1201 1830 1279 primatum,
1890 1202 2085 1261 errori
2144 1202 2232 1261 di-

281 1289 563 1358 centium,
610 1289 878 1367 spiritum
925 1287 1196 1348 sanctum
1232 1309 1269 1347 a
1302 1287 1426 1347 filio
1476 1309 1600 1348 non
1649 1291 2012 1368 procedere.
2103 1290 2236 1350 Nec

281 1376 486 1437 fulciat
532 1377 591 1437 se
639 1376 860 1437 baculo
910 1378 1249 1437 arundineo
1299 1379 1524 1450 dicenS‚
1574 1379 1742 1458 quod
1790 1380 1909 1439 hoc
1960 1378 2235 1438 diffinivit

283 1466 739 1527 Constantiense
789 1466 1123 1539 concilium,
1173 1489 1359 1546 quum
1407 1468 1444 1527 fi
1484 1468 1678 1526 verba
1725 1466 1910 1527 sancti
1956 1466 2233 1528 doctoris

279 1577 432 1616 vera
463 1556 610 1625 sunt,
659 1557 743 1615 ita
775 1577 993 1634 parum
1039 1555 1314 1615 standum
1363 1555 1447 1615 est
1493 1555 1658 1633 dicto
1707 1555 1954 1629 concilii⁷
2002 1556 2039 1615 fi
2072 1557 2235 1616 dicat

281 1666 511 1724 papam
546 1664 671 1704 non
705 1645 939 1704 habere
972 1645 1304 1723 primatum
1353 1646 1410 1703 in
1459 1644 1858 1705 universalem
1907 1644 2234 1718 ecclesiam,

280 1734 422 1793 ficut
454 1734 491 1794 fi
525 1734 828 1804 diffiniret,
876 1733 1143 1812 spiritum
1177 1732 1447 1792 sanctum
1482 1755 1519 1793 a
1549 1733 1670 1794 filio
1713 1753 1838 1794 non
1872 1735 2232 1814 procedere.

282 1823 572 1900 Quinimo
612 1823 790 1902 juxta
823 1822 1221 1902 Apostolum:
1270 1823 1352 1882 Et
1385 1823 1422 1882 fi
1457 1822 1718 1904 angelus
1768 1824 1847 1883 de
1897 1821 2074 1884 coelo
2121 1843 2231 1883 ve-

282 1913 453 1971 niens
502 1911 664 1971 aliud
710 1911 1126 1993 evangelizet,
1177 1933 1300 1972 non
1335 1911 1497 1972 aliud
1531 1913 1867 1972 tenendum
1901 1911 2000 1985 est,
2048 1932 2234 1992 quam

281 2003 450 2081 quod
499 2002 884 2061 tradiderunt
931 2000 1147 2073 sancti,
1197 2014 1260 2060 et
1307 2023 1501 2081 usque
1552 2023 1709 2061 nunc
1756 2003 1952 2062 tenuit
1999 2013 2064 2062 et
2099 2000 2232 2061 ‘ser-

279 2092 449 2150 vavit
496 2092 782 2150 Romana
831 2104 895 2150 et
942 2089 1292 2150 universalis
1340 2089 1602 2150 ecclesia.

460 2180 622 2256 Quia
668 2193 876 2240 tamen
924 2180 1089 2239 suum
1137 2178 1364 2239 dictum
1398 2180 1702 2239 roborare
1737 2181 1944 2240 nititur
1974 2178 2232 2252 ratione,

282 2268 579 2347 exemplis
640 2283 704 2328 et
763 2267 1253 2341 auctoritatibu5‚
1323 2269 1536 2328 videre
1597 2269 1874 2348 expedit,
1937 2268 2234 2348 quantum

282 2357 554 2418 militant.
624 2359 826 2418 Primo
862 2379 1020 2438 ergo
1070 2357 1342 2436 probare
1391 2355 1617 2417 dictum
1665 2357 1832 2417 suum
1880 2358 2087 2417 nititur
2132 2377 2231 2416 ra-

282 2448 468 2507 tione.
558 2446 640 2506 Et
687 2447 934 2526 quidem
981 2448 1139 2507 ratio
1188 2445 1289 2505 sua
1337 2446 1448 2506 est:
1498 2448 1640 2526 quia
1687 2446 1987 2527 reliquum
2033 2459 2234 2506 totum

282 2554 525 2614 corpuS,
575 2537 760 2595 etiam
794 2557 918 2596 non
951 2548 1312 2614 computato
1355 2556 1537 2614 papa,
1586 2557 1796 2595 errare
1845 2554 1970 2594 non
2016 2534 2234 2614 potest,

283 2623 552 2705 alioquin
585 2625 623 2684 fi
658 2645 869 2684 errare
902 2625 1103 2703 posset
1135 2625 1193 2683 in
1226 2624 1316 2683 his
1366 2645 1524 2703 quae
1571 2624 1704 2683 sunt
1749 2623 1907 2695 fidei,
1955 2637 2020 2683 et
2065 2643 2234 2702 papa

283 2715 471 2774 etiam
519 2735 730 2774 errare
778 2713 995 2793 potest,
1044 2727 1186 2773 tunc
1233 2726 1298 2774 et
1351 2734 1519 2792 papa
1567 2726 1631 2772 et
1677 2712 1916 2792 reliquo
1965 2731 2231 2791 corpore

284 2816 532 2863 errante
592 2816 730 2863 tota
789 2802 1038 2862 ecclesia
1094 2814 1360 2875 erraret,
1424 2802 1592 2881 quod
1655 2803 1775 2861 esse
1835 2820 1961 2860 non
2018 2799 2232 2880 potest.

282 2892 460 2951 Haec
508 2892 670 2951 enim
718 2892 876 2951 ratio
926 2889 1191 2950 invalida
1239 2904 1304 2950 et
1349 2890 1490 2950 satis
1524 2889 1676 2950 levis
1710 2891 1830 2950 esse
1864 2888 2231 2960 monstratur

284 3001 362 3041 ex
408 2981 499 3040 his
549 3001 708 3060 quae
757 2979 920 3040 dicta
966 2979 1098 3039 sunt
1145 2981 1203 3038 in
1235 2980 1296 3039 II.
1330 2992 1394 3038 et
1425 2979 1510 3038 ΙΙΙ.
1543 2978 1782 3058 punctis
1814 2978 1990 3056 hujus
2022 2978 2231 3056 partis.

283 3070 576 3129 Secundo
626 3069 900 3148 probare
949 3069 1208 3128 intendit
1239 3067 1405 3127 suum
1438 3066 1665 3127 dictum
1699 3067 2081 3145 experientia
2110 3066 2231 3126 five

285 3157 591 3237 exemplo,
626 3159 767 3238 quia
791 3156 1071 3239 legimus,
1097 3157 1302 3237 inquit,
1335 3177 1565 3235 papam
1590 3157 1963 3236 quandoque
1990 3155 2231 3228 errasse,

285 3267 597 3326 nunquam
645 3260 852 3306 autern
899 3244 1302 3306 universalem
1336 3244 1661 3305 ecclesiam.
1736 3245 1839 3303 Ad
1873 3245 2042 3323 quod
2075 3245 2230 3318 dico,

285 3336 455 3415 quod
503 3356 581 3394 ex
627 3336 746 3396 hoc
793 3356 918 3396 non
964 3335 1258 3415 sequitur,
1307 3335 1450 3414 quin
1497 3354 1691 3412 papa,
1749 3332 1961 3392 saltem
2019 3331 2230 3406 fidelis,

285 3424 353 3483 fit
411 3422 634 3501 major.
669 3436 807 3484 toto
867 3423 1103 3504 reliquo
1165 3443 1431 3501 corpore
1491 3421 1776 3482 ecclesiae
1835 3420 1935 3480 vel
1983 3419 2229 3482 concilii.

287 3511 475 3588 Quod
535 3511 694 3570 bene
755 3513 942 3572 innuit
991 3512 1255 3572 Christus
1314 3511 1447 3590 post
1504 3507 2036 3577 resurrectionem,
2095 3529 2230 3568 cum
