<?xml version="1.0" encoding="UTF-8"?>
<!DOCTYPE html PUBLIC "-//W3C//DTD XHTML 1.0 Transitional//EN"
    "http://www.w3.org/TR/xhtml1/DTD/xhtml1-transitional.dtd">
<html xmlns="http://www.w3.org/1999/xhtml" xml:lang="en" lang="en">
 <head>
  <title>
</title>
<meta http-equiv="Content-Type" content="text/html;charset=utf-8" />
  <meta name='ocr-system' content='tesseract 3.04.00' />
  <meta name='ocr-capabilities' content='ocr_page ocr_carea ocr_par ocr_line ocrx_word'/>
</head>
<body>
  <div class='ocr_page' id='page_1' title='image "a609733400torquoft_0107.png"; bbox 0 0 2352 3808; ppageno 0'>
   <div class='ocr_carea' id='block_1_1' title="bbox 1072 154 1143 206">
    <p class='ocr_par' dir='ltr' id='par_1_1' title="bbox 1072 154 1143 206">
     <span class='ocr_line' id='line_1_1' title="bbox 1072 154 1143 206; baseline 0 0"><span class='ocrx_word' id='word_1_1' title='bbox 1072 154 1143 206; x_wconf 86' lang='lat'><strong>93</strong></span> 
     </span>
    </p>
   </div>
   <div class='ocr_carea' id='block_1_2' title="bbox 979 229 1245 235">
    <p class='ocr_par' dir='ltr' id='par_1_2' title="bbox 979 229 1245 235">
     <span class='ocr_line' id='line_1_2' title="bbox 979 229 1245 235; baseline 0 0"><span class='ocrx_word' id='word_1_2' title='bbox 979 229 1245 235; x_wconf 95' lang='lat' dir='ltr'><strong> </strong></span> 
     </span>
    </p>
   </div>
   <div class='ocr_carea' id='block_1_3' title="bbox 96 327 2091 3633">
    <p class='ocr_par' dir='ltr' id='par_1_3' title="bbox 96 327 2091 2470">
     <span class='ocr_line' id='line_1_3' title="bbox 96 327 2088 414; baseline -0.004 -19"><span class='ocrx_word' id='word_1_3' title='bbox 96 355 100 360; x_wconf 79' lang='grc'><strong>’</strong></span> <span class='ocrx_word' id='word_1_4' title='bbox 130 334 614 414; x_wconf 92' lang='lat' dir='ltr'><strong>praecedens</strong></span> <span class='ocrx_word' id='word_1_5' title='bbox 664 330 860 391; x_wconf 91' lang='lat' dir='ltr'><strong>male</strong></span> <span class='ocrx_word' id='word_1_6' title='bbox 915 331 1199 404; x_wconf 87' lang='lat' dir='ltr'><strong>statuit,</strong></span> <span class='ocrx_word' id='word_1_7' title='bbox 1259 331 1362 392; x_wconf 89' lang='lat' dir='ltr'><strong>ita</strong></span> <span class='ocrx_word' id='word_1_8' title='bbox 1421 342 1497 391; x_wconf 94' lang='lat' dir='ltr'><strong>et</strong></span> <span class='ocrx_word' id='word_1_9' title='bbox 1555 330 1646 390; x_wconf 92' lang='lat' dir='ltr'><strong>de</strong></span> <span class='ocrx_word' id='word_1_10' title='bbox 1707 327 2088 403; x_wconf 87' lang='lat' dir='ltr'><strong>conciliis,</strong></span> 
     </span>
     <span class='ocr_line' id='line_1_4' title="bbox 129 416 2088 503; baseline -0.003 -19"><span class='ocrx_word' id='word_1_11' title='bbox 129 437 195 484; x_wconf 95' lang='lat' dir='ltr'><strong>ut</strong></span> <span class='ocrx_word' id='word_1_12' title='bbox 241 423 421 503; x_wconf 91' lang='lat' dir='ltr'><strong>supra</strong></span> <span class='ocrx_word' id='word_1_13' title='bbox 468 423 524 482; x_wconf 93' lang='lat' dir='ltr'><strong>in</strong></span> <span class='ocrx_word' id='word_1_14' title='bbox 572 422 672 482; x_wconf 93' lang='lat' dir='ltr'><strong>XI.</strong></span> <span class='ocrx_word' id='word_1_15' title='bbox 721 420 1106 482; x_wconf 75' lang='lat' dir='ltr'>conclusione</span> <span class='ocrx_word' id='word_1_16' title='bbox 1153 421 1377 500; x_wconf 90' lang='lat' dir='ltr'><strong>patuit,</strong></span> <span class='ocrx_word' id='word_1_17' title='bbox 1427 419 1568 500; x_wconf 90' lang='lat' dir='ltr'><strong>quia</strong></span> <span class='ocrx_word' id='word_1_18' title='bbox 1617 416 1938 478; x_wconf 89' lang='lat' dir='ltr'><strong>concilium</strong></span> <span class='ocrx_word' id='word_1_19' title='bbox 1985 439 2088 479; x_wconf 95' lang='lat' dir='ltr'><strong>ro-</strong></span> 
     </span>
     <span class='ocr_line' id='line_1_5' title="bbox 129 507 2090 589; baseline -0.003 -16"><span class='ocrx_word' id='word_1_20' title='bbox 129 533 378 573; x_wconf 91' lang='lat' dir='ltr'><strong>manum</strong></span> <span class='ocrx_word' id='word_1_21' title='bbox 456 511 724 571; x_wconf 83' lang='lat' dir='ltr'><strong>correxit</strong></span> <span class='ocrx_word' id='word_1_22' title='bbox 789 508 1553 589; x_wconf 90' lang='lat' dir='ltr'><strong>Constantinopolitanum.</strong></span> <span class='ocrx_word' id='word_1_23' title='bbox 1659 508 1742 568; x_wconf 92' lang='lat' dir='ltr'><strong>Et</strong></span> <span class='ocrx_word' id='word_1_24' title='bbox 1803 508 1842 567; x_wconf 88' lang='lat' dir='ltr'>fi</span> <span class='ocrx_word' id='word_1_25' title='bbox 1905 507 2090 581; x_wconf 83' lang='lat' dir='ltr'><strong>dicaS,</strong></span> 
     </span>
     <span class='ocr_line' id='line_1_6' title="bbox 131 597 2089 682; baseline -0.004 -19"><span class='ocrx_word' id='word_1_26' title='bbox 131 602 299 682; x_wconf 91' lang='lat' dir='ltr'><strong>quod</strong></span> <span class='ocrx_word' id='word_1_27' title='bbox 347 614 523 661; x_wconf 92' lang='lat' dir='ltr'><strong>tunc</strong></span> <span class='ocrx_word' id='word_1_28' title='bbox 571 620 718 661; x_wconf 92' lang='lat' dir='ltr'><strong>non</strong></span> <span class='ocrx_word' id='word_1_29' title='bbox 768 600 1048 661; x_wconf 91' lang='lat' dir='ltr'><strong>erimus</strong></span> <span class='ocrx_word' id='word_1_30' title='bbox 1107 600 1328 672; x_wconf 90' lang='lat' dir='ltr'><strong>certi,</strong></span> <span class='ocrx_word' id='word_1_31' title='bbox 1389 599 1566 679; x_wconf 93' lang='lat' dir='ltr'><strong>quid</strong></span> <span class='ocrx_word' id='word_1_32' title='bbox 1624 612 1897 659; x_wconf 91' lang='lat' dir='ltr'><strong>tenere</strong></span> <span class='ocrx_word' id='word_1_33' title='bbox 1957 597 2089 656; x_wconf 93' lang='lat' dir='ltr'><strong>de-</strong></span> 
     </span>
     <span class='ocr_line' id='line_1_7' title="bbox 128 685 2091 767; baseline -0.003 -16"><span class='ocrx_word' id='word_1_34' title='bbox 128 692 475 763; x_wconf 83' lang='lat' dir='ltr'><strong>beamuS,</strong></span> <span class='ocrx_word' id='word_1_35' title='bbox 524 689 562 748; x_wconf 90' lang='lat' dir='ltr'><strong>s1</strong></span> <span class='ocrx_word' id='word_1_36' title='bbox 597 710 816 749; x_wconf 92' lang='lat' dir='ltr'><strong>unum</strong></span> <span class='ocrx_word' id='word_1_37' title='bbox 865 689 1358 750; x_wconf 79' lang='lat' dir='ltr'>contradicat</span> <span class='ocrx_word' id='word_1_38' title='bbox 1406 685 1667 749; x_wconf 90' lang='lat' dir='ltr'><strong>alteri:</strong></span> <span class='ocrx_word' id='word_1_39' title='bbox 1717 688 1872 761; x_wconf 92' lang='lat' dir='ltr'><strong>dico,</strong></span> <span class='ocrx_word' id='word_1_40' title='bbox 1921 686 2091 767; x_wconf 92' lang='lat' dir='ltr'><strong>quod</strong></span> 
     </span>
     <span class='ocr_line' id='line_1_8' title="bbox 131 777 2089 859; baseline -0.002 -20"><span class='ocrx_word' id='word_1_41' title='bbox 131 780 252 840; x_wconf 95' lang='lat' dir='ltr'><strong>hoc</strong></span> <span class='ocrx_word' id='word_1_42' title='bbox 298 780 499 859; x_wconf 88' lang='lat' dir='ltr'><strong>posset</strong></span> <span class='ocrx_word' id='word_1_43' title='bbox 547 779 678 851; x_wconf 93' lang='lat' dir='ltr'><strong>dici,</strong></span> <span class='ocrx_word' id='word_1_44' title='bbox 727 778 765 837; x_wconf 90' lang='lat' dir='ltr'>fi</span> <span class='ocrx_word' id='word_1_45' title='bbox 815 779 1146 839; x_wconf 89' lang='lat' dir='ltr'><strong>nondum</strong></span> <span class='ocrx_word' id='word_1_46' title='bbox 1194 777 1440 837; x_wconf 82' lang='lat' dir='ltr'><strong>essent</strong></span> <span class='ocrx_word' id='word_1_47' title='bbox 1503 777 1636 838; x_wconf 92' lang='lat' dir='ltr'><strong>nisi</strong></span> <span class='ocrx_word' id='word_1_48' title='bbox 1698 778 1843 837; x_wconf 92' lang='lat' dir='ltr'><strong>duo</strong></span> <span class='ocrx_word' id='word_1_49' title='bbox 1909 795 2089 836; x_wconf 90' lang='lat' dir='ltr'><strong>con-</strong></span> 
     </span>
     <span class='ocr_line' id='line_1_9' title="bbox 130 865 2091 948; baseline -0.002 -19"><span class='ocrx_word' id='word_1_50' title='bbox 130 867 305 929; x_wconf 92' lang='lat' dir='ltr'><strong>cilia</strong></span> <span class='ocrx_word' id='word_1_51' title='bbox 354 865 760 929; x_wconf 91' lang='lat' dir='ltr'><strong>celebrata</strong></span> <span class='ocrx_word' id='word_1_52' title='bbox 807 889 1001 948; x_wconf 91' lang='lat' dir='ltr'><strong>quae</strong></span> <span class='ocrx_word' id='word_1_53' title='bbox 1062 886 1374 927; x_wconf 91' lang='lat' dir='ltr'><strong>numero</strong></span> <span class='ocrx_word' id='word_1_54' title='bbox 1430 866 1967 946; x_wconf 90' lang='lat' dir='ltr'><strong>praelatorum</strong></span> <span class='ocrx_word' id='word_1_55' title='bbox 2016 878 2091 925; x_wconf 93' lang='lat' dir='ltr'><strong>et</strong></span> 
     </span>
     <span class='ocr_line' id='line_1_10' title="bbox 128 955 2089 1038; baseline -0.002 -20"><span class='ocrx_word' id='word_1_56' title='bbox 128 958 478 1038; x_wconf 93' lang='lat' dir='ltr'><strong>pondere</strong></span> <span class='ocrx_word' id='word_1_57' title='bbox 528 956 775 1017; x_wconf 82' lang='lat' dir='ltr'><strong>essent</strong></span> <span class='ocrx_word' id='word_1_58' title='bbox 823 956 1188 1038; x_wconf 90' lang='lat' dir='ltr'><strong>aequalia</strong></span> <span class='ocrx_word' id='word_1_59' title='bbox 1221 970 1296 1016; x_wconf 96' lang='lat' dir='ltr'><strong>et</strong></span> <span class='ocrx_word' id='word_1_60' title='bbox 1330 977 1477 1017; x_wconf 91' lang='lat' dir='ltr'><strong>non</strong></span> <span class='ocrx_word' id='word_1_61' title='bbox 1511 955 1704 1016; x_wconf 94' lang='lat' dir='ltr'><strong>esset</strong></span> <span class='ocrx_word' id='word_1_62' title='bbox 1738 955 2089 1029; x_wconf 83' lang='lat' dir='ltr'><strong>evidenS,</strong></span> 
     </span>
     <span class='ocr_line' id='line_1_11' title="bbox 130 1045 2088 1128; baseline -0.002 -20"><span class='ocrx_word' id='word_1_63' title='bbox 130 1047 332 1128; x_wconf 94' lang='lat' dir='ltr'><strong>quod</strong></span> <span class='ocrx_word' id='word_1_64' title='bbox 381 1068 643 1108; x_wconf 91' lang='lat' dir='ltr'><strong>eorum</strong></span> <span class='ocrx_word' id='word_1_65' title='bbox 690 1047 935 1128; x_wconf 83' lang='lat' dir='ltr'><strong>magis</strong></span> <span class='ocrx_word' id='word_1_66' title='bbox 993 1046 1515 1107; x_wconf 92' lang='lat' dir='ltr'><strong>concordaret</strong></span> <span class='ocrx_word' id='word_1_67' title='bbox 1562 1067 1608 1106; x_wconf 91' lang='lat' dir='ltr'><strong>s.</strong></span> <span class='ocrx_word' id='word_1_68' title='bbox 1655 1045 2088 1124; x_wconf 84' lang='lat' dir='ltr'><strong>scripturae</strong></span> 
     </span>
     <span class='ocr_line' id='line_1_12' title="bbox 130 1136 2088 1215; baseline -0.002 -18"><span class='ocrx_word' id='word_1_69' title='bbox 130 1149 204 1198; x_wconf 95' lang='lat' dir='ltr'><strong>et</strong></span> <span class='ocrx_word' id='word_1_70' title='bbox 251 1149 430 1196; x_wconf 92' lang='lat' dir='ltr'><strong>tunc</strong></span> <span class='ocrx_word' id='word_1_71' title='bbox 477 1136 938 1196; x_wconf 88' lang='lat' dir='ltr'><strong>deberemus</strong></span> <span class='ocrx_word' id='word_1_72' title='bbox 988 1149 1410 1215; x_wconf 84' lang='lat' dir='ltr'><strong>expectare</strong></span> <span class='ocrx_word' id='word_1_73' title='bbox 1460 1136 1777 1195; x_wconf 90' lang='lat' dir='ltr'><strong>tertium</strong></span> <span class='ocrx_word' id='word_1_74' title='bbox 1826 1147 1901 1194; x_wconf 93' lang='lat' dir='ltr'><strong>et</strong></span> <span class='ocrx_word' id='word_1_75' title='bbox 1947 1153 2088 1214; x_wconf 95' lang='lat' dir='ltr'><strong>po-</strong></span> 
     </span>
     <span class='ocr_line' id='line_1_13' title="bbox 130 1217 2090 1305; baseline -0.002 -19"><span class='ocrx_word' id='word_1_76' title='bbox 130 1217 281 1286; x_wconf 28' lang='lat' dir='ltr'><strong>tius*</strong></span> <span class='ocrx_word' id='word_1_77' title='bbox 328 1226 762 1286; x_wconf 92' lang='lat' dir='ltr'><strong>adhaerere</strong></span> <span class='ocrx_word' id='word_1_78' title='bbox 823 1223 937 1285; x_wconf 91' lang='lat' dir='ltr'><strong>illi</strong></span> <span class='ocrx_word' id='word_1_79' title='bbox 1001 1225 1215 1305; x_wconf 87' lang='lat' dir='ltr'><strong>cujus</strong></span> <span class='ocrx_word' id='word_1_80' title='bbox 1275 1224 1714 1286; x_wconf 91' lang='lat' dir='ltr'><strong>sententiae</strong></span> <span class='ocrx_word' id='word_1_81' title='bbox 1775 1225 2090 1285; x_wconf 88' lang='lat' dir='ltr'><strong>tertium</strong></span> 
     </span>
     <span class='ocr_line' id='line_1_14' title="bbox 130 1311 2089 1395; baseline 0 -20"><span class='ocrx_word' id='word_1_82' title='bbox 130 1314 524 1376; x_wconf 82' lang='lat' dir='ltr'><strong>adhaeret.</strong></span> <span class='ocrx_word' id='word_1_83' title='bbox 616 1316 698 1375; x_wconf 88' lang='lat' dir='ltr'><strong>Et</strong></span> <span class='ocrx_word' id='word_1_84' title='bbox 746 1315 888 1376; x_wconf 91' lang='lat' dir='ltr'><strong>ideo</strong></span> <span class='ocrx_word' id='word_1_85' title='bbox 949 1313 1268 1374; x_wconf 89' lang='lat' dir='ltr'><strong>salubriter</strong></span> <span class='ocrx_word' id='word_1_86' title='bbox 1317 1315 1373 1373; x_wconf 91' lang='lat' dir='ltr'><strong>in</strong></span> <span class='ocrx_word' id='word_1_87' title='bbox 1423 1314 1789 1395; x_wconf 91' lang='lat' dir='ltr'><strong>quibusdam</strong></span> <span class='ocrx_word' id='word_1_88' title='bbox 1836 1311 2089 1395; x_wconf 87' lang='lat' dir='ltr'><strong>religio-</strong></span> 
     </span>
     <span class='ocr_line' id='line_1_15' title="bbox 131 1401 2090 1485; baseline -0.001 -21"><span class='ocrx_word' id='word_1_89' title='bbox 131 1404 305 1464; x_wconf 89' lang='lat' dir='ltr'><strong>nibus</strong></span> <span class='ocrx_word' id='word_1_90' title='bbox 354 1404 640 1465; x_wconf 89' lang='lat' dir='ltr'><strong>statutum</strong></span> <span class='ocrx_word' id='word_1_91' title='bbox 689 1404 788 1478; x_wconf 90' lang='lat' dir='ltr'><strong>est,</strong></span> <span class='ocrx_word' id='word_1_92' title='bbox 837 1417 904 1465; x_wconf 88' lang='lat' dir='ltr'><strong>ut</strong></span> <span class='ocrx_word' id='word_1_93' title='bbox 950 1403 1090 1464; x_wconf 91' lang='lat' dir='ltr'><strong>licet</strong></span> <span class='ocrx_word' id='word_1_94' title='bbox 1148 1424 1336 1464; x_wconf 91' lang='lat' dir='ltr'><strong>unum</strong></span> <span class='ocrx_word' id='word_1_95' title='bbox 1397 1402 1729 1483; x_wconf 91' lang='lat' dir='ltr'><strong>capitulum</strong></span> <span class='ocrx_word' id='word_1_96' title='bbox 1786 1401 2090 1485; x_wconf 84' lang='lat' dir='ltr'><strong>generale</strong></span> 
     </span>
     <span class='ocr_line' id='line_1_16' title="bbox 129 1491 2090 1575; baseline -0.001 -21"><span class='ocrx_word' id='word_1_97' title='bbox 129 1491 354 1574; x_wconf 92' lang='lat' dir='ltr'><strong>aliquid</strong></span> <span class='ocrx_word' id='word_1_98' title='bbox 400 1494 637 1566; x_wconf 87' lang='lat' dir='ltr'><strong>statuat,</strong></span> <span class='ocrx_word' id='word_1_99' title='bbox 686 1514 810 1554; x_wconf 90' lang='lat' dir='ltr'><strong>non</strong></span> <span class='ocrx_word' id='word_1_100' title='bbox 866 1494 1172 1554; x_wconf 90' lang='lat' dir='ltr'><strong>habeatur</strong></span> <span class='ocrx_word' id='word_1_101' title='bbox 1229 1514 1346 1573; x_wconf 90' lang='lat' dir='ltr'><strong>pro</strong></span> <span class='ocrx_word' id='word_1_102' title='bbox 1407 1492 1581 1575; x_wconf 84' lang='lat' dir='ltr'><strong>lege,</strong></span> <span class='ocrx_word' id='word_1_103' title='bbox 1644 1493 1742 1553; x_wconf 90' lang='lat' dir='ltr'><strong>nis1</strong></span> <span class='ocrx_word' id='word_1_104' title='bbox 1801 1514 1917 1572; x_wconf 92' lang='lat' dir='ltr'><strong>per</strong></span> <span class='ocrx_word' id='word_1_105' title='bbox 1975 1493 2090 1552; x_wconf 90' lang='lat' dir='ltr'><strong>tria</strong></span> 
     </span>
     <span class='ocr_line' id='line_1_17' title="bbox 129 1581 2090 1664; baseline -0.001 -22"><span class='ocrx_word' id='word_1_106' title='bbox 129 1581 395 1663; x_wconf 90' lang='lat' dir='ltr'><strong>capitula</strong></span> <span class='ocrx_word' id='word_1_107' title='bbox 441 1583 754 1644; x_wconf 77' lang='lat' dir='ltr'><strong>successive</strong></span> <span class='ocrx_word' id='word_1_108' title='bbox 802 1583 1116 1664; x_wconf 89' lang='lat' dir='ltr'><strong>sequentia</strong></span> <span class='ocrx_word' id='word_1_109' title='bbox 1165 1584 1345 1643; x_wconf 91' lang='lat' dir='ltr'><strong>fuerit</strong></span> <span class='ocrx_word' id='word_1_110' title='bbox 1402 1583 1835 1662; x_wconf 91' lang='lat' dir='ltr'><strong>approbatum.</strong></span> <span class='ocrx_word' id='word_1_111' title='bbox 1928 1582 2090 1659; x_wconf 73' lang='lat' dir='ltr'><strong>Quia</strong></span> 
     </span>
     <span class='ocr_line' id='line_1_18' title="bbox 130 1671 2088 1755; baseline -0.001 -23"><span class='ocrx_word' id='word_1_112' title='bbox 130 1673 313 1755; x_wconf 86' lang='lat' dir='ltr'><strong>igitur</strong></span> <span class='ocrx_word' id='word_1_113' title='bbox 345 1672 672 1734; x_wconf 90' lang='lat' dir='ltr'><strong>secundum</strong></span> <span class='ocrx_word' id='word_1_114' title='bbox 715 1672 1034 1735; x_wconf 92' lang='lat' dir='ltr'><strong>concilium</strong></span> <span class='ocrx_word' id='word_1_115' title='bbox 1066 1671 1367 1755; x_wconf 84' lang='lat' dir='ltr'><strong>generale</strong></span> <span class='ocrx_word' id='word_1_116' title='bbox 1402 1672 1778 1752; x_wconf 84' lang='lat' dir='ltr'><strong>approbavit</strong></span> <span class='ocrx_word' id='word_1_117' title='bbox 1808 1672 2088 1751; x_wconf 91' lang='lat' dir='ltr'><strong>primum,</strong></span> 
     </span>
     <span class='ocr_line' id='line_1_19' title="bbox 131 1761 2087 1842; baseline -0.001 -20"><span class='ocrx_word' id='word_1_118' title='bbox 131 1775 195 1822; x_wconf 91' lang='lat' dir='ltr'><strong>et</strong></span> <span class='ocrx_word' id='word_1_119' title='bbox 243 1763 491 1823; x_wconf 91' lang='lat' dir='ltr'><strong>tertium</strong></span> <span class='ocrx_word' id='word_1_120' title='bbox 539 1763 914 1842; x_wconf 87' lang='lat' dir='ltr'><strong>approbavit</strong></span> <span class='ocrx_word' id='word_1_121' title='bbox 961 1764 1224 1842; x_wconf 91' lang='lat' dir='ltr'><strong>primum</strong></span> <span class='ocrx_word' id='word_1_122' title='bbox 1273 1775 1337 1822; x_wconf 93' lang='lat' dir='ltr'><strong>et</strong></span> <span class='ocrx_word' id='word_1_123' title='bbox 1383 1761 1739 1835; x_wconf 89' lang='lat' dir='ltr'><strong>secundum,</strong></span> <span class='ocrx_word' id='word_1_124' title='bbox 1789 1774 1853 1822; x_wconf 95' lang='lat' dir='ltr'><strong>et</strong></span> <span class='ocrx_word' id='word_1_125' title='bbox 1902 1781 2087 1841; x_wconf 89' lang='lat' dir='ltr'><strong>quar-</strong></span> 
     </span>
     <span class='ocr_line' id='line_1_20' title="bbox 130 1849 2088 1932; baseline 0 -21"><span class='ocrx_word' id='word_1_126' title='bbox 130 1864 259 1911; x_wconf 92' lang='lat' dir='ltr'><strong>tum</strong></span> <span class='ocrx_word' id='word_1_127' title='bbox 308 1852 681 1932; x_wconf 86' lang='lat' dir='ltr'><strong>approbavit</strong></span> <span class='ocrx_word' id='word_1_128' title='bbox 728 1853 1008 1931; x_wconf 89' lang='lat' dir='ltr'><strong>primum,</strong></span> <span class='ocrx_word' id='word_1_129' title='bbox 1057 1852 1383 1913; x_wconf 90' lang='lat' dir='ltr'><strong>secundum</strong></span> <span class='ocrx_word' id='word_1_130' title='bbox 1432 1864 1496 1912; x_wconf 89' lang='lat' dir='ltr'><strong>et</strong></span> <span class='ocrx_word' id='word_1_131' title='bbox 1529 1852 1794 1925; x_wconf 90' lang='lat' dir='ltr'><strong>tertium,</strong></span> <span class='ocrx_word' id='word_1_132' title='bbox 1843 1864 1907 1911; x_wconf 92' lang='lat' dir='ltr'><strong>et</strong></span> <span class='ocrx_word' id='word_1_133' title='bbox 1940 1849 2088 1912; x_wconf 70' lang='grc' dir='ltr'><strong>06ὶο</strong></span> 
     </span>
     <span class='ocr_line' id='line_1_21' title="bbox 126 1939 2087 2022; baseline 0 -22"><span class='ocrx_word' id='word_1_134' title='bbox 126 1939 550 2022; x_wconf 90' lang='lat' dir='ltr'><strong>subsequentia</strong></span> <span class='ocrx_word' id='word_1_135' title='bbox 596 1942 1000 2003; x_wconf 88' lang='lat' dir='ltr'><strong>conformiter</strong></span> <span class='ocrx_word' id='word_1_136' title='bbox 1058 1940 1409 2002; x_wconf 92' lang='lat' dir='ltr'><strong>sensuerunt</strong></span> <span class='ocrx_word' id='word_1_137' title='bbox 1468 1954 1737 2022; x_wconf 90' lang='lat' dir='ltr'><strong>quatuor</strong></span> <span class='ocrx_word' id='word_1_138' title='bbox 1782 1941 2087 2020; x_wconf 88' lang='lat' dir='ltr'><strong>principa-</strong></span> 
     </span>
     <span class='ocr_line' id='line_1_22' title="bbox 128 2027 2088 2113; baseline 0 -24"><span class='ocrx_word' id='word_1_139' title='bbox 128 2027 300 2103; x_wconf 87' lang='lat' dir='ltr'><strong>libus,</strong></span> <span class='ocrx_word' id='word_1_140' title='bbox 349 2031 492 2092; x_wconf 92' lang='lat' dir='ltr'><strong>ideo</strong></span> <span class='ocrx_word' id='word_1_141' title='bbox 541 2030 697 2091; x_wconf 90' lang='lat' dir='ltr'><strong>firmi</strong></span> <span class='ocrx_word' id='word_1_142' title='bbox 745 2045 810 2092; x_wconf 95' lang='lat' dir='ltr'><strong>et</strong></span> <span class='ocrx_word' id='word_1_143' title='bbox 858 2032 1007 2092; x_wconf 91' lang='lat' dir='ltr'><strong>certi</strong></span> <span class='ocrx_word' id='word_1_144' title='bbox 1039 2030 1255 2104; x_wconf 82' lang='lat' dir='ltr'><strong>sumuS,</strong></span> <span class='ocrx_word' id='word_1_145' title='bbox 1305 2032 1449 2113; x_wconf 91' lang='lat' dir='ltr'><strong>quid</strong></span> <span class='ocrx_word' id='word_1_146' title='bbox 1482 2044 1700 2092; x_wconf 90' lang='lat' dir='ltr'><strong>tenere</strong></span> <span class='ocrx_word' id='word_1_147' title='bbox 1735 2031 2088 2091; x_wconf 81' lang='lat' dir='ltr'><strong>debeamus,</strong></span> 
     </span>
     <span class='ocr_line' id='line_1_23' title="bbox 126 2118 2090 2202; baseline 0 -22"><span class='ocrx_word' id='word_1_148' title='bbox 126 2119 210 2180; x_wconf 89' lang='lat' dir='ltr'><strong>Et</strong></span> <span class='ocrx_word' id='word_1_149' title='bbox 258 2120 401 2181; x_wconf 92' lang='lat' dir='ltr'><strong>ideo</strong></span> <span class='ocrx_word' id='word_1_150' title='bbox 449 2120 488 2180; x_wconf 89' lang='lat' dir='ltr'>fi</span> <span class='ocrx_word' id='word_1_151' title='bbox 538 2119 856 2183; x_wconf 91' lang='lat' dir='ltr'><strong>concilium</strong></span> <span class='ocrx_word' id='word_1_152' title='bbox 899 2120 1359 2182; x_wconf 86' lang='lat' dir='ltr'><strong>Constantiense</strong></span> <span class='ocrx_word' id='word_1_153' title='bbox 1407 2119 1506 2182; x_wconf 94' lang='lat' dir='ltr'><strong>vel</strong></span> <span class='ocrx_word' id='word_1_154' title='bbox 1556 2120 1878 2202; x_wconf 90' lang='lat' dir='ltr'><strong>quodlibet</strong></span> <span class='ocrx_word' id='word_1_155' title='bbox 1926 2118 2090 2181; x_wconf 87' lang='lat' dir='ltr'><strong>aliud</strong></span> 
     </span>
     <span class='ocr_line' id='line_1_24' title="bbox 130 2207 2088 2292; baseline 0.001 -23"><span class='ocrx_word' id='word_1_156' title='bbox 130 2207 379 2291; x_wconf 91' lang='lat' dir='ltr'><strong>aliquod</strong></span> <span class='ocrx_word' id='word_1_157' title='bbox 426 2209 664 2284; x_wconf 88' lang='lat' dir='ltr'><strong>statuat,</strong></span> <span class='ocrx_word' id='word_1_158' title='bbox 714 2212 883 2291; x_wconf 94' lang='lat' dir='ltr'><strong>quod</strong></span> <span class='ocrx_word' id='word_1_159' title='bbox 916 2209 1026 2271; x_wconf 91' lang='lat' dir='ltr'><strong>illis</strong></span> <span class='ocrx_word' id='word_1_160' title='bbox 1071 2232 1141 2270; x_wconf 89' lang='lat'><strong>12</strong></span> <span class='ocrx_word' id='word_1_161' title='bbox 1180 2224 1244 2271; x_wconf 92' lang='lat' dir='ltr'><strong>et</strong></span> <span class='ocrx_word' id='word_1_162' title='bbox 1276 2210 1774 2292; x_wconf 90' lang='lat' dir='ltr'><strong>subsequentibus</strong></span> <span class='ocrx_word' id='word_1_163' title='bbox 1809 2210 2088 2284; x_wconf 87' lang='lat' dir='ltr'><strong>dissonet,</strong></span> 
     </span>
     <span class='ocr_line' id='line_1_25' title="bbox 129 2298 2090 2383; baseline 0 -25"><span class='ocrx_word' id='word_1_164' title='bbox 129 2318 255 2360; x_wconf 90' lang='lat' dir='ltr'><strong>non</strong></span> <span class='ocrx_word' id='word_1_165' title='bbox 304 2298 388 2359; x_wconf 91' lang='lat' dir='ltr'><strong>est</strong></span> <span class='ocrx_word' id='word_1_166' title='bbox 433 2317 551 2379; x_wconf 91' lang='lat' dir='ltr'><strong>pro</strong></span> <span class='ocrx_word' id='word_1_167' title='bbox 599 2298 746 2383; x_wconf 84' lang='lat' dir='ltr'><strong>lege</strong></span> <span class='ocrx_word' id='word_1_168' title='bbox 794 2300 1175 2374; x_wconf 90' lang='lat' dir='ltr'><strong>habendum,</strong></span> <span class='ocrx_word' id='word_1_169' title='bbox 1223 2299 1327 2362; x_wconf 91' lang='lat' dir='ltr'><strong>sed</strong></span> <span class='ocrx_word' id='word_1_170' title='bbox 1374 2300 1619 2381; x_wconf 91' lang='lat' dir='ltr'><strong>penitus</strong></span> <span class='ocrx_word' id='word_1_171' title='bbox 1678 2299 2090 2380; x_wconf 91' lang='lat' dir='ltr'><strong>respuendum</strong></span> 
     </span>
     <span class='ocr_line' id='line_1_26' title="bbox 130 2391 1395 2470; baseline 0.001 -21"><span class='ocrx_word' id='word_1_172' title='bbox 130 2401 194 2449; x_wconf 92' lang='lat' dir='ltr'><strong>et</strong></span> <span class='ocrx_word' id='word_1_173' title='bbox 241 2401 538 2470; x_wconf 90' lang='lat' dir='ltr'><strong>tanquam</strong></span> <span class='ocrx_word' id='word_1_174' title='bbox 586 2410 921 2451; x_wconf 92' lang='lat' dir='ltr'><strong>erroneum</strong></span> <span class='ocrx_word' id='word_1_175' title='bbox 967 2391 1395 2470; x_wconf 88' lang='lat' dir='ltr'><strong>reputandum.</strong></span> 
     </span>
    </p>

    <p class='ocr_par' dir='ltr' id='par_1_4' title="bbox 128 2475 2090 3633">
     <span class='ocr_line' id='line_1_27' title="bbox 261 2475 2088 2560; baseline 0.001 -23"><span class='ocrx_word' id='word_1_176' title='bbox 261 2475 404 2538; x_wconf 89' lang='lat' dir='ltr'><strong>Alia</strong></span> <span class='ocrx_word' id='word_1_177' title='bbox 436 2491 646 2538; x_wconf 90' lang='lat' dir='ltr'><strong>autem</strong></span> <span class='ocrx_word' id='word_1_178' title='bbox 679 2480 858 2553; x_wconf 87' lang='lat' dir='ltr'><strong>ratiO,</strong></span> <span class='ocrx_word' id='word_1_179' title='bbox 907 2500 1093 2560; x_wconf 92' lang='lat' dir='ltr'><strong>quam</strong></span> <span class='ocrx_word' id='word_1_180' title='bbox 1126 2480 1294 2553; x_wconf 89' lang='lat' dir='ltr'><strong>facit,</strong></span> <span class='ocrx_word' id='word_1_181' title='bbox 1330 2501 1455 2542; x_wconf 92' lang='lat' dir='ltr'><strong>non</strong></span> <span class='ocrx_word' id='word_1_182' title='bbox 1487 2478 1672 2555; x_wconf 92' lang='lat' dir='ltr'><strong>valet,</strong></span> <span class='ocrx_word' id='word_1_183' title='bbox 1706 2477 1885 2540; x_wconf 93' lang='lat' dir='ltr'><strong>videl.</strong></span> <span class='ocrx_word' id='word_1_184' title='bbox 1919 2479 2088 2560; x_wconf 92' lang='lat' dir='ltr'><strong>quod</strong></span> 
     </span>
     <span class='ocr_line' id='line_1_28' title="bbox 129 2565 2090 2648; baseline -0.001 -20"><span class='ocrx_word' id='word_1_185' title='bbox 129 2565 447 2628; x_wconf 90' lang='lat' dir='ltr'><strong>concilium</strong></span> <span class='ocrx_word' id='word_1_186' title='bbox 494 2567 920 2648; x_wconf 89' lang='lat' dir='ltr'><strong>repraesentat</strong></span> <span class='ocrx_word' id='word_1_187' title='bbox 967 2567 1371 2630; x_wconf 89' lang='lat' dir='ltr'><strong>universalem</strong></span> <span class='ocrx_word' id='word_1_188' title='bbox 1427 2567 1767 2642; x_wconf 88' lang='lat' dir='ltr'><strong>ecclefiam,</strong></span> <span class='ocrx_word' id='word_1_189' title='bbox 1827 2568 1931 2629; x_wconf 89' lang='lat' dir='ltr'><strong>sed</strong></span> <span class='ocrx_word' id='word_1_190' title='bbox 1990 2566 2090 2627; x_wconf 87' lang='lat' dir='ltr'><strong>illa</strong></span> 
     </span>
     <span class='ocr_line' id='line_1_29' title="bbox 129 2656 2089 2741; baseline 0.001 -24"><span class='ocrx_word' id='word_1_191' title='bbox 129 2674 256 2717; x_wconf 92' lang='lat' dir='ltr'><strong>non</strong></span> <span class='ocrx_word' id='word_1_192' title='bbox 313 2656 516 2737; x_wconf 88' lang='lat' dir='ltr'><strong>potest</strong></span> <span class='ocrx_word' id='word_1_193' title='bbox 574 2679 814 2732; x_wconf 92' lang='lat' dir='ltr'><strong>errare,</strong></span> <span class='ocrx_word' id='word_1_194' title='bbox 874 2679 1032 2741; x_wconf 85' lang='lat' dir='ltr'><strong>ergo</strong></span> <span class='ocrx_word' id='word_1_195' title='bbox 1094 2680 1207 2718; x_wconf 91' lang='lat' dir='ltr'><strong>nec</strong></span> <span class='ocrx_word' id='word_1_196' title='bbox 1265 2657 1598 2719; x_wconf 89' lang='lat' dir='ltr'><strong>concilium.</strong></span> <span class='ocrx_word' id='word_1_197' title='bbox 1690 2659 1868 2718; x_wconf 88' lang='lat' dir='ltr'><strong>Haec</strong></span> <span class='ocrx_word' id='word_1_198' title='bbox 1927 2659 2089 2718; x_wconf 91' lang='lat' dir='ltr'><strong>enirn</strong></span> 
     </span>
     <span class='ocr_line' id='line_1_30' title="bbox 129 2745 2088 2828; baseline 0.001 -23"><span class='ocrx_word' id='word_1_199' title='bbox 129 2745 618 2826; x_wconf 89' lang='lat' dir='ltr'><strong>repraesentatio</strong></span> <span class='ocrx_word' id='word_1_200' title='bbox 684 2767 808 2808; x_wconf 91' lang='lat' dir='ltr'><strong>non</strong></span> <span class='ocrx_word' id='word_1_201' title='bbox 857 2749 1155 2828; x_wconf 90' lang='lat' dir='ltr'><strong>importat</strong></span> <span class='ocrx_word' id='word_1_202' title='bbox 1195 2749 1721 2828; x_wconf 90' lang='lat' dir='ltr'><strong>adaequationem</strong></span> <span class='ocrx_word' id='word_1_203' title='bbox 1767 2746 1867 2809; x_wconf 93' lang='lat' dir='ltr'><strong>vel</strong></span> <span class='ocrx_word' id='word_1_204' title='bbox 1916 2747 2088 2808; x_wconf 89' lang='lat' dir='ltr'><strong>iden-</strong></span> 
     </span>
     <span class='ocr_line' id='line_1_31' title="bbox 130 2835 2087 2918; baseline 0.001 -23"><span class='ocrx_word' id='word_1_205' title='bbox 130 2835 372 2896; x_wconf 90' lang='lat' dir='ltr'><strong>titatem</strong></span> <span class='ocrx_word' id='word_1_206' title='bbox 432 2837 686 2898; x_wconf 90' lang='lat' dir='ltr'><strong>virtutis.</strong></span> <span class='ocrx_word' id='word_1_207' title='bbox 788 2837 871 2897; x_wconf 90' lang='lat' dir='ltr'><strong>Hi</strong></span> <span class='ocrx_word' id='word_1_208' title='bbox 934 2838 1097 2898; x_wconf 92' lang='lat' dir='ltr'><strong>enim</strong></span> <span class='ocrx_word' id='word_1_209' title='bbox 1160 2839 1261 2918; x_wconf 93' lang='lat' dir='ltr'><strong>qui</strong></span> <span class='ocrx_word' id='word_1_210' title='bbox 1321 2839 1401 2898; x_wconf 89' lang='lat' dir='ltr'><strong>ad</strong></span> <span class='ocrx_word' id='word_1_211' title='bbox 1460 2836 1778 2898; x_wconf 90' lang='lat' dir='ltr'><strong>concilium</strong></span> <span class='ocrx_word' id='word_1_212' title='bbox 1836 2837 2087 2911; x_wconf 88' lang='lat' dir='ltr'><strong>vadunt,</strong></span> 
     </span>
     <span class='ocr_line' id='line_1_32' title="bbox 131 2925 2088 3004; baseline 0.002 -20"><span class='ocrx_word' id='word_1_213' title='bbox 131 2945 256 2985; x_wconf 90' lang='lat' dir='ltr'><strong>non</strong></span> <span class='ocrx_word' id='word_1_214' title='bbox 293 2938 550 3004; x_wconf 89' lang='lat' dir='ltr'><strong>portant</strong></span> <span class='ocrx_word' id='word_1_215' title='bbox 595 2925 794 2986; x_wconf 86' lang='lat' dir='ltr'><strong>secum</strong></span> <span class='ocrx_word' id='word_1_216' title='bbox 822 2925 1028 2987; x_wconf 83' lang='lat' dir='ltr'><strong>-fidem</strong></span> <span class='ocrx_word' id='word_1_217' title='bbox 1076 2940 1140 2987; x_wconf 93' lang='lat' dir='ltr'><strong>et</strong></span> <span class='ocrx_word' id='word_1_218' title='bbox 1188 2928 1510 2988; x_wconf 90' lang='lat' dir='ltr'><strong>caritatem</strong></span> <span class='ocrx_word' id='word_1_219' title='bbox 1557 2925 1657 2988; x_wconf 95' lang='lat' dir='ltr'><strong>vel</strong></span> <span class='ocrx_word' id='word_1_220' title='bbox 1704 2925 2088 2987; x_wconf 59' lang='lat' dir='ltr'><strong>sanstitatem</strong></span> 
     </span>
     <span class='ocr_line' id='line_1_33' title="bbox 130 3015 2088 3096; baseline 0.002 -23"><span class='ocrx_word' id='word_1_221' title='bbox 130 3033 346 3074; x_wconf 91' lang='lat' dir='ltr'><strong>eorum</strong></span> <span class='ocrx_word' id='word_1_222' title='bbox 379 3015 481 3095; x_wconf 90' lang='lat' dir='ltr'><strong>qui</strong></span> <span class='ocrx_word' id='word_1_223' title='bbox 514 3028 856 3090; x_wconf 85' lang='lat' dir='ltr'><strong>remanent,</strong></span> <span class='ocrx_word' id='word_1_224' title='bbox 905 3015 1008 3076; x_wconf 91' lang='lat' dir='ltr'><strong>sub</strong></span> <span class='ocrx_word' id='word_1_225' title='bbox 1043 3016 1261 3096; x_wconf 87' lang='lat' dir='ltr'><strong>quibus</strong></span> <span class='ocrx_word' id='word_1_226' title='bbox 1310 3030 1519 3077; x_wconf 90' lang='lat' dir='ltr'><strong>tamen</strong></span> <span class='ocrx_word' id='word_1_227' title='bbox 1566 3017 1891 3077; x_wconf 89' lang='lat' dir='ltr'><strong>virtutibus</strong></span> <span class='ocrx_word' id='word_1_228' title='bbox 1928 3036 2088 3096; x_wconf 59' lang='lat' dir='ltr'><strong>⁸con-</strong></span> 
     </span>
     <span class='ocr_line' id='line_1_34' title="bbox 128 3101 2086 3185; baseline 0.002 -23"><span class='ocrx_word' id='word_1_229' title='bbox 128 3101 263 3163; x_wconf 88' lang='lat' dir='ltr'><strong>fistit</strong></span> <span class='ocrx_word' id='word_1_230' title='bbox 310 3102 558 3164; x_wconf 90' lang='lat' dir='ltr'><strong>ecclefia</strong></span> <span class='ocrx_word' id='word_1_231' title='bbox 605 3125 766 3185; x_wconf 93' lang='lat' dir='ltr'><strong>quae</strong></span> <span class='ocrx_word' id='word_1_232' title='bbox 815 3104 899 3165; x_wconf 89' lang='lat' dir='ltr'><strong>est</strong></span> <span class='ocrx_word' id='word_1_233' title='bbox 944 3105 1065 3166; x_wconf 87' lang='lat' dir='ltr'><strong>fine</strong></span> <span class='ocrx_word' id='word_1_234' title='bbox 1114 3104 1367 3179; x_wconf 90' lang='lat' dir='ltr'><strong>macula,</strong></span> <span class='ocrx_word' id='word_1_235' title='bbox 1417 3119 1483 3166; x_wconf 95' lang='lat' dir='ltr'><strong>ut</strong></span> <span class='ocrx_word' id='word_1_236' title='bbox 1538 3103 1924 3185; x_wconf 62' lang='lat' dir='ltr'><strong>praedffitum</strong></span> <span class='ocrx_word' id='word_1_237' title='bbox 1974 3105 2086 3183; x_wconf 82' lang='lat' dir='ltr'><strong>est3</strong></span> 
     </span>
     <span class='ocr_line' id='line_1_35' title="bbox 129 3189 2088 3275; baseline 0.002 -24"><span class='ocrx_word' id='word_1_238' title='bbox 129 3189 234 3251; x_wconf 91' lang='lat' dir='ltr'><strong>sed</strong></span> <span class='ocrx_word' id='word_1_239' title='bbox 280 3192 339 3251; x_wconf 93' lang='lat' dir='ltr'><strong>in</strong></span> <span class='ocrx_word' id='word_1_240' title='bbox 372 3193 491 3254; x_wconf 90' lang='lat' dir='ltr'><strong>hoc</strong></span> <span class='ocrx_word' id='word_1_241' title='bbox 523 3193 966 3273; x_wconf 86' lang='lat' dir='ltr'><strong>repraesentat,</strong></span> <span class='ocrx_word' id='word_1_242' title='bbox 1016 3195 1158 3275; x_wconf 93' lang='lat' dir='ltr'><strong>quia</strong></span> <span class='ocrx_word' id='word_1_243' title='bbox 1191 3193 1291 3256; x_wconf 84' lang='lat' dir='ltr'><strong>lex</strong></span> <span class='ocrx_word' id='word_1_244' title='bbox 1324 3194 1555 3257; x_wconf 90' lang='lat' dir='ltr'><strong>concilii</strong></span> <span class='ocrx_word' id='word_1_245' title='bbox 1588 3195 1780 3256; x_wconf 90' lang='lat' dir='ltr'><strong>debet</strong></span> <span class='ocrx_word' id='word_1_246' title='bbox 1812 3195 2088 3274; x_wconf 91' lang='lat' dir='ltr'><strong>reputari</strong></span> 
     </span>
     <span class='ocr_line' id='line_1_36' title="bbox 130 3278 2085 3365; baseline 0.004 -27"><span class='ocrx_word' id='word_1_247' title='bbox 130 3278 232 3339; x_wconf 87' lang='lat' dir='ltr'><strong>lex</strong></span> <span class='ocrx_word' id='word_1_248' title='bbox 278 3281 630 3342; x_wconf 87' lang='lat' dir='ltr'><strong>universalis</strong></span> <span class='ocrx_word' id='word_1_249' title='bbox 680 3282 986 3357; x_wconf 78' lang='lat' dir='ltr'><strong>ecclesiae,</strong></span> <span class='ocrx_word' id='word_1_250' title='bbox 1035 3285 1177 3364; x_wconf 91' lang='lat' dir='ltr'><strong>quia</strong></span> <span class='ocrx_word' id='word_1_251' title='bbox 1217 3284 1276 3343; x_wconf 93' lang='lat' dir='ltr'><strong>hi</strong></span> <span class='ocrx_word' id='word_1_252' title='bbox 1311 3286 1411 3365; x_wconf 90' lang='lat' dir='ltr'><strong>qui</strong></span> <span class='ocrx_word' id='word_1_253' title='bbox 1445 3297 1786 3358; x_wconf 86' lang='lat' dir='ltr'><strong>remanent,</strong></span> <span class='ocrx_word' id='word_1_254' title='bbox 1836 3306 1914 3344; x_wconf 86' lang='lat' dir='ltr'><strong>ex</strong></span> <span class='ocrx_word' id='word_1_255' title='bbox 1962 3304 2085 3365; x_wconf 91' lang='lat' dir='ltr'><strong>quo</strong></span> 
     </span>
     <span class='ocr_line' id='line_1_37' title="bbox 129 3367 2085 3447; baseline 0.003 -19"><span class='ocrx_word' id='word_1_256' title='bbox 129 3367 261 3429; x_wconf 92' lang='lat' dir='ltr'><strong>sunt</strong></span> <span class='ocrx_word' id='word_1_257' title='bbox 306 3372 510 3431; x_wconf 90' lang='lat' dir='ltr'><strong>vocati</strong></span> <span class='ocrx_word' id='word_1_258' title='bbox 559 3385 623 3432; x_wconf 93' lang='lat' dir='ltr'><strong>et</strong></span> <span class='ocrx_word' id='word_1_259' title='bbox 672 3393 747 3432; x_wconf 86' lang='lat' dir='ltr'><strong>ex</strong></span> <span class='ocrx_word' id='word_1_260' title='bbox 797 3373 976 3432; x_wconf 94' lang='lat' dir='ltr'><strong>certis</strong></span> <span class='ocrx_word' id='word_1_261' title='bbox 1037 3373 1223 3433; x_wconf 89' lang='lat' dir='ltr'><strong>caufis</strong></span> <span class='ocrx_word' id='word_1_262' title='bbox 1281 3374 1581 3434; x_wconf 88' lang='lat' dir='ltr'><strong>accedere</strong></span> <span class='ocrx_word' id='word_1_263' title='bbox 1640 3387 1934 3447; x_wconf 91' lang='lat' dir='ltr'><strong>renuunt,</strong></span> <span class='ocrx_word' id='word_1_264' title='bbox 1993 3387 2085 3434; x_wconf 90' lang='lat' dir='ltr'><strong>te-</strong></span> 
     </span>
     <span class='ocr_line' id='line_1_38' title="bbox 132 3460 2086 3544; baseline 0.002 -26"><span class='ocrx_word' id='word_1_265' title='bbox 132 3471 355 3518; x_wconf 91' lang='lat' dir='ltr'><strong>nentur</strong></span> <span class='ocrx_word' id='word_1_266' title='bbox 402 3461 659 3521; x_wconf 91' lang='lat' dir='ltr'><strong>obedire</strong></span> <span class='ocrx_word' id='word_1_267' title='bbox 708 3460 940 3522; x_wconf 89' lang='lat' dir='ltr'><strong>statutis</strong></span> <span class='ocrx_word' id='word_1_268' title='bbox 990 3460 1221 3522; x_wconf 93' lang='lat' dir='ltr'><strong>concilii</strong></span> <span class='ocrx_word' id='word_1_269' title='bbox 1254 3463 1311 3523; x_wconf 90' lang='lat' dir='ltr'><strong>in</strong></span> <span class='ocrx_word' id='word_1_270' title='bbox 1345 3463 1436 3522; x_wconf 91' lang='lat' dir='ltr'><strong>his</strong></span> <span class='ocrx_word' id='word_1_271' title='bbox 1477 3475 1717 3528; x_wconf 87' lang='lat' dir='ltr'><strong>tantum</strong></span> <span class='ocrx_word' id='word_1_272' title='bbox 1750 3484 1911 3544; x_wconf 93' lang='lat' dir='ltr'><strong>quae</strong></span> <span class='ocrx_word' id='word_1_273' title='bbox 1960 3482 2086 3523; x_wconf 91' lang='lat' dir='ltr'><strong>non</strong></span> 
     </span>
     <span class='ocr_line' id='line_1_39' title="bbox 129 3543 2087 3633; baseline 0.002 -26"><span class='ocrx_word' id='word_1_274' title='bbox 129 3546 262 3608; x_wconf 91' lang='lat' dir='ltr'><strong>sunt</strong></span> <span class='ocrx_word' id='word_1_275' title='bbox 281 3562 498 3610; x_wconf 89' lang='lat' dir='ltr'><strong>contra</strong></span> <span class='ocrx_word' id='word_1_276' title='bbox 514 3571 560 3610; x_wconf 77' lang='lat' dir='ltr'><strong>s,</strong></span> <span class='ocrx_word' id='word_1_277' title='bbox 577 3543 932 3629; x_wconf 89' lang='lat' dir='ltr'><strong>scripturam</strong></span> <span class='ocrx_word' id='word_1_278' title='bbox 949 3549 1049 3611; x_wconf 92' lang='lat' dir='ltr'><strong>vel</strong></span> <span class='ocrx_word' id='word_1_279' title='bbox 1069 3565 1287 3612; x_wconf 87' lang='lat' dir='ltr'><strong>contra</strong></span> <span class='ocrx_word' id='word_1_280' title='bbox 1305 3552 1561 3614; x_wconf 90' lang='lat' dir='ltr'><strong>decreta</strong></span> <span class='ocrx_word' id='word_1_281' title='bbox 1578 3553 2087 3633; x_wconf 90' lang='lat' dir='ltr'><strong>praecedentium</strong></span> 
     </span>
    </p>
   </div>
  </div>
 </body>
</html>
