2352 3808
1190 139 1224 194 6

236 322 446 383 mobili
491 320 817 381 secundum
875 319 1320 400 philosophum
1396 321 1479 381 Et
1527 322 1732 381 omnia
1781 341 2050 401 corpora
2095 321 2184 384 lu-

237 412 372 472 cida
428 409 840 471 illuminantur
888 430 924 469 a
970 410 1167 488 prima
1228 408 1403 470 causa
1461 431 1587 471 non
1646 411 2026 486 immediate,
2083 411 2187 473 sed

237 501 549 561 mediante
597 497 723 558 sole
758 511 822 558 et
855 499 1062 558 omnia
1109 496 1306 558 calida
1339 499 1417 558 ab
1466 500 1689 559 eadem
1738 498 2010 561 calorem
2041 522 2184 580 par—

237 591 489 670 ticipant
550 589 861 648 mediante
928 589 1089 669 igne.
1182 588 1457 667 Oportet
1520 607 1678 670 ergo
1743 587 2187 665 multitudinem

238 678 661 759 praelatorum
720 679 776 736 in
826 676 1080 737 concilio
1142 690 1675 759 congregatorum
1718 699 1755 738 a
1805 678 2039 738 Christo
2098 679 2186 739 in-

238 769 463 829 fluxum
511 768 789 846 accipere
822 767 1133 827 mediante
1169 765 1374 847 aliquo
1415 785 1558 840 unO,
1608 767 1706 827 nisi
1740 768 1990 842 dicatur,
2039 786 2186 827 con·
2241 820 2243 822 .

239 856 433 917 cilium
482 857 602 916 esse
662 855 1108 916 multitudinem
1157 857 1466 936 quandam
1515 870 1729 916 contra
1776 872 2035 916 naturae
2085 876 2186 917 or-

238 948 442 1007 dinem
492 959 945 1027 congregatam
1005 959 1069 1005 et
1125 944 1482 1005 societatem
1538 945 1960 1020 innaturalem,
2020 947 2188 1027 quod

239 1055 365 1096 non
412 1036 655 1095 videtur
712 1035 852 1094 sane
910 1033 1152 1094 dictum.
1228 1034 1310 1094 Et
1357 1035 1512 1094 haec
1560 1034 1644 1094 est
1688 1034 1987 1096 sententia
2031 1035 2188 1095 Dio-¹

239 1125 409 1203 nyfii:
472 1125 737 1184 Primum
800 1125 1030 1183 entium
1093 1143 1352 1183 movere
1416 1124 1620 1184 infima
1682 1145 1798 1203 per
1858 1124 2062 1185 media
2102 1137 2188 1198 vet

238 1214 442 1274 media
489 1235 603 1292 per
649 1212 945 1292 suprema.

371 1304 476 1363 Ad
523 1303 686 1362 idem
744 1303 1020 1384 arguitur
1068 1324 1146 1363 ex
1193 1303 1596 1362 fundamento
1660 1303 1887 1363 ordinis
1946 1299 2190 1382 politici.

238 1394 304 1453 In
353 1394 518 1453 omni
567 1393 727 1451 enim
775 1393 1117 1471 principatu
1166 1393 1327 1451 bene
1377 1392 1671 1471 disposito
1721 1391 1829 1452 seC.
1875 1390 2083 1471 philos.
2131 1392 2189 1452 in

239 1479 498 1562 politicis
558 1481 642 1541 est
698 1503 851 1540 unus
910 1481 1070 1541 solus
1128 1480 1443 1562 supremus
1502 1481 1806 1560 princepS,
1868 1483 1947 1542 ad
2006 1501 2191 1561 quem

240 1572 513 1651 pertinet
560 1569 817 1631 direstio
868 1571 1139 1630 omnium
1194 1572 1272 1630 de
1330 1569 1431 1630 illo
1480 1571 1838 1649 principatu
1915 1571 1981 1630 Si
2029 1589 2187 1652 ergo

241 1659 572 1734 concilium,
611 1660 783 1740 quod
817 1660 900 1719 est
932 1660 1179 1739 quidam
1212 1660 1588 1739 principatus
1621 1660 1740 1720 five
1774 1660 2188 1741 congregatio

240 1750 578 1829 principum
640 1747 957 1821 ecclefiae,
1029 1749 1112 1808 est
1180 1750 1555 1828 principatus
1617 1749 1779 1808 bene
1848 1749 2190 1828 dispofituS,

241 1851 498 1918 oportet
530 1839 699 1917 quod
733 1837 864 1916 ejus
914 1837 1192 1898 actiones
1239 1839 1581 1919 dirigantur
1612 1859 1727 1917 per
1758 1859 1960 1912 unum,
2007 1858 2191 1918 quem
2249 1896 2253 1898 ,
2342 1888 2345 1890 .

241 1948 471 2007 papam
518 1928 784 2000 dicimu5,
844 1928 944 2006 qui
1003 1927 1383 1987 diverfitates
1432 1928 1790 2006 opinionum
1837 1940 1902 1987 et
1946 1926 2188 1987 senten-

242 2017 478 2088 tiarum,
527 2037 686 2096 quae
721 2037 797 2075 ex
844 2014 1226 2076 multitudine
1275 2016 1542 2094 capitum
1574 2029 1639 2076 ut
1671 2013 1994 2094 plur-imum
2042 2034 2190 2075 con-

241 2104 597 2185 sequuntur,
663 2105 894 2165 habeat
950 2106 1249 2164 reducere
1310 2106 1389 2165 ad
1447 2106 1772 2179 unitatem,
1839 2105 1980 2185 quia
2039 2102 2189 2165 alias

242 2193 514 2255 scissurae
583 2192 814 2254 multae
877 2195 935 2253 in
999 2192 1099 2254 illo
1164 2213 1432 2272 corpore
1502 2194 1725 2254 mistico
1790 2193 2190 2274 insurgerent,

242 2282 601 2362 praesertim
649 2284 750 2342 ubi
791 2284 848 2341 in
881 2296 1094 2362 partes
1143 2282 1455 2362 aequaleS,
1503 2283 1645 2342 ficut
1692 2282 2065 2361 posfibileet
2098 2282 2189 2342 fa-

244 2371 354 2432 cile
404 2371 502 2444 est,
550 2372 912 2445 dividantur,
959 2370 1059 2431 vel
1100 2372 1217 2444 ubi,
1265 2385 1332 2431 ut
1378 2370 1701 2450 plurimum
1748 2370 1916 2444 solet,
1964 2385 2189 2450 poten-

243 2461 469 2520 tiorum
529 2460 829 2520 sententia
889 2460 1256 2539 praevalere
1318 2459 1480 2520 velit.
1565 2461 1744 2537 Quae
1809 2461 2013 2520 divifio
2077 2480 2193 2538 per

243 2550 401 2609 hunc
433 2570 618 2608 unum
652 2550 730 2608 ad
763 2550 1060 2609 unitatem
1093 2550 1300 2609 reduci
1334 2550 1540 2622 habet,
1589 2550 1687 2608 nisi
1725 2549 1974 2621 dicatur,
2022 2548 2190 2627 quod

243 2638 362 2698 hoc
409 2657 534 2697 non
582 2639 782 2717 posset
830 2639 1196 2719 contingere
1245 2659 1324 2698 eo
1374 2640 1564 2717 quod
1612 2636 1758 2697 tale
1818 2635 2190 2697 concilium

244 2748 490 2787 errare
539 2746 679 2786 non
734 2727 969 2806 possit,
1028 2727 1224 2806 cujus
1274 2725 1681 2805 oppositum
1738 2727 1922 2785 infra
1969 2725 2190 2786 osten-

243 2813 447 2876 ditur.
523 2817 669 2875 Non
717 2835 872 2897 ergo
932 2814 1050 2875 alia
1108 2817 1223 2875 erit
1269 2815 1541 2895 potestas
1601 2813 1736 2875 talis
1796 2807 2190 2879 multitudinis

244 2917 308 2964 et
338 2905 623 2983 principis
672 2904 821 2983 ejuS‚
869 2904 972 2964 sed
1004 2926 1126 2964 una
1157 2903 1256 2964 vel
1295 2903 1507 2964 saltem
1540 2905 1700 2964 duae
1739 2903 2189 2976 subordinatae,
2234 2911 2236 2913 ’

197 3005 200 3007 ’
244 3013 396 3074 quas
444 2991 585 3053 licet
631 3014 748 3072 pro
796 3013 918 3053 una
964 3007 1322 3072 reputamus
1370 2993 1693 3072 potestate.

375 3082 457 3141 Et
506 3081 895 3142 confirmatur
942 3083 1105 3142 idem
1153 3103 1230 3141 ex
1273 3083 1677 3142 fundamento
1728 3082 1955 3143 ordinis
2003 3079 2188 3140 artifi-

244 3169 422 3230 cialis.
502 3169 738 3231 Multae
798 3171 959 3230 enim
1018 3171 1338 3250 potentiae
1394 3169 1493 3230 vel
1553 3169 1743 3231 multa
1801 3170 2190 3234 instrumenta
2277 3230 2281 3233 ,

243 3260 405 3319 bene
454 3260 739 3320 ordinata
786 3280 912 3321 non
967 3259 1351 3339 applicantur
1398 3260 1497 3319 ad·
1525 3258 1729 3332 aestum
1777 3259 1875 3318 nis1
1931 3258 2188 3338 imperio

243 3349 416 3411 unius
464 3347 812 3428 principalis
872 3350 1211 3428 potentiae.
1288 3349 1457 3408 Sicut
1505 3349 1586 3407 ad
1632 3348 1924 3408 fabricam
1971 3349 2189 3408 domus
2252 3347 2254 3349 ’

244 3435 644 3516 applicantur·
673 3436 854 3511 serra,
903 3437 1229 3499 dolabrum
1269 3451 1333 3498 et
1379 3435 1652 3510 malleUS,
1700 3458 1931 3509 manuS,
1981 3433 2188 3498 oculus

244 3538 308 3584 et
355 3524 452 3586 alii
497 3525 696 3586 sensus
746 3527 1103 3602 exterioreS,
1152 3527 1406 3609 santafia
1438 3540 1504 3587 et
1538 3527 1696 3587 ratio
1745 3527 1825 3586 ad
1872 3524 2190 3605 imperium
2276 3516 2292 3584 J
