2352 3808
1010 224 1019 227 ν
1098 149 1196 200 111

88 363 93 368 -
161 338 257 384 ter
318 325 729 406 interrogavit
787 324 1037 384 Petrum
1100 326 1180 385 de
1241 346 1457 386 amore
1517 325 1651 405 ejus
1712 339 1775 385 et
1834 325 2122 387 subdidit:

157 415 350 474 Pasce
400 434 554 474 oves
601 432 792 480 meas,
842 414 943 472 ubi
991 413 1320 474 secundum
1378 414 1548 496 gloss.
1597 415 1787 475 innuit
1837 415 2121 490 Christus,

160 504 330 583 quod
387 503 530 563 licet
574 503 792 562 Petrus
853 515 950 562 ter
1007 503 1304 563 Christum
1364 505 1671 586 negasset,
1731 524 1857 565 non
1912 518 2122 566 tamen

158 593 519 672 perdiderat
577 588 1044 665 auctoritatem,
1105 614 1293 672 quam
1352 593 1453 653 s1bi
1513 591 1876 654 contulerat.
1968 595 2122 654 Item

158 682 404 741 adducit
437 681 640 753 etiam,
690 681 860 760 quod
904 702 1072 760 papa
1120 703 1434 762 nunquam
1482 681 1725 764 legitur,
1774 696 1975 744 toturn
2021 705 2121 744 re-

156 768 387 850 liquum
435 790 660 849 corpus
711 770 1174 843 condemnasse,
1236 773 1784 832 excommunicasse
1844 787 1952 833 aut
2010 774 2121 834 de-

155 858 427 938 posuisse.
498 859 690 936 Quod
723 872 894 919 certe
942 880 1163 938 parum
1213 860 1297 925 est
1344 859 1526 934 dictu,
1576 863 1718 942 quia
1768 883 1806 922 a
1853 883 1980 924 non
2028 863 2120 923 fa-

156 969 298 1008 cere
332 949 411 1008 ad
445 967 570 1008 non
602 948 774 1027 posse
810 949 1016 1008 facere
1051 968 1176 1008 non
1211 948 1379 1009 valet
1413 964 1864 1032 argumentum.
1928 952 2120 1030 Quod

155 1038 318 1097 enim
365 1057 489 1098 non
537 1038 1069 1099 condemnaverat
1124 1038 1426 1099 residuum
1474 1059 1728 1119 corpus,
1788 1041 1931 1101 ideo
1994 1042 2119 1114 fuit,

154 1127 298 1208 quia
344 1146 469 1187 non
515 1125 629 1187 fuit
677 1126 881 1201 causa,
942 1128 1084 1208 quia
1132 1147 1256 1187 non
1305 1129 1536 1188 invenit
1595 1131 2117 1191 condemnatione

153 1217 437 1299 dignum3
485 1217 687 1296 posset
728 1231 957 1288 tamen,
1006 1217 1107 1276 ubi
1145 1216 1374 1296 justitia
1422 1219 1722 1299 exigeret,
1772 1220 1942 1300 quod
1992 1241 2117 1280 non

153 1305 238 1366 est
285 1306 626 1366 timendum
674 1329 751 1367 ex
798 1307 1248 1386 praeveniente
1282 1308 1489 1388 gratia
1521 1308 1598 1367 D.
1629 1309 1673 1386 J.
1709 1309 1848 1368 Chr.
1927 1309 2118 1386 Quod

153 1408 364 1456 autem
413 1416 538 1457 non
587 1397 1233 1456 excommunicaverat
1282 1418 1395 1456 nec
1443 1398 1690 1469 mirum,
1740 1399 1882 1477 quia
1930 1399 2118 1459 etiam

150 1505 348 1564 parva
395 1486 801 1546 communitas
851 1484 1180 1546 secundum
1233 1485 1376 1564 jura
1425 1488 1940 1547 excommunicari
1989 1508 2115 1548 non

150 1574 355 1634 debet.
434 1574 625 1652 Quod
657 1596 811 1636 vero
844 1595 974 1635 non
1011 1574 1380 1654 deposuerit,
1430 1576 1589 1636 ratio
1641 1576 1739 1649 est,
1789 1577 1932 1656 quia
1979 1589 2117 1638 tota

151 1661 400 1723 ecclefia
448 1683 575 1724 non
621 1663 825 1744 potest
871 1665 1121 1744 deponi,
1163 1665 1306 1745 quia
1339 1685 1464 1725 non
1500 1684 1717 1726 omnes
1751 1666 1830 1726 de
1866 1664 2117 1727 ecclefia

147 1751 281 1813 sunt
328 1752 734 1833 deponibileS,
785 1776 921 1814 cum
970 1774 1095 1815 non
1146 1775 1365 1814 omnes
1415 1754 1525 1814 fint
1573 1756 1631 1814 in
1678 1756 1879 1837 gradu
1928 1769 2113 1834 pote-

146 1840 328 1915 statiS,
376 1844 458 1903 ad
505 1864 664 1923 quos
713 1857 954 1904 tantum
1002 1843 1304 1923 deposltio
1354 1842 1604 1923 spectat.
1678 1845 1837 1904 Dico
1888 1858 2112 1920 autem,

146 1932 316 2011 quod
363 1932 401 1992 fi
450 1951 669 1993 omnes
719 1927 821 2014 qui
868 1932 1000 1996 sunt
1049 1935 1107 1993 in
1156 1932 1786 2013 potestate‘spirituali
1819 1933 1919 1994 vel
1955 1948 2111 1994 tem-

142 2019 342 2100 porali
390 2021 693 2083 constituti
741 2024 1163 2084 invenirentur
1218 2043 1430 2083 errare
1492 2023 1549 2082 in
1609 2023 1730 2083 fide
1790 2022 1889 2083 vel
1949 2022 2112 2083 aliud

143 2109 366 2186 facere,
415 2125 681 2192 propter
728 2113 898 2193 quod
947 2113 1179 2192 deponi
1227 2111 1556 2172 secundum
1594 2112 1736 2191 jura
1777 2126 2110 2186 merentur,

142 2201 352 2281 utique
411 2221 630 2262 omnes
691 2203 895 2282 posset
958 2203 1285 2282 deponere
1349 2215 1413 2261 et
1471 2200 1612 2263 loco
1676 2221 1895 2262 eorum
1955 2201 2109 2263 alios

141 2288 486 2372 surrogare.
534 2292 715 2352 Unde
750 2293 906 2365 dico,
956 2293 1125 2372 quod
1159 2292 1197 2351 fi
1230 2293 1288 2352 in
1322 2311 1445 2351 uno
1488 2291 1743 2352 concilio
1791 2291 1859 2351 fit
1907 2305 2109 2352 certus

143 2399 432 2440 numerus
477 2379 902 2460 praelatorum
949 2395 1015 2442 et
1064 2403 1283 2443 omnes
1333 2382 1390 2440 in
1441 2402 1723 2443 errorem
1768 2380 1914 2441 fidei
1962 2401 2108 2441 con-

141 2470 421 2544 veniant,
481 2471 651 2550 quod
710 2491 928 2531 omnes
989 2469 1124 2531 illos
1184 2492 1354 2550 papa
1412 2470 1617 2550 potest
1671 2472 1996 2550 deponere
2045 2484 2110 2531 et

141 2554 283 2619 loco
333 2579 552 2620 eorum
598 2559 816 2620 fideles
863 2559 1215 2621 substituere
1250 2561 1351 2640 qui
1391 2561 1661 2642 'negocia
1693 2558 1927 2619 concilii
1958 2580 2107 2639 pro-

139 2646 471 2729 sequantur
517 2647 616 2709 vel
666 2648 984 2711 concilium
1033 2650 1239 2730 ipsum,
1288 2650 1326 2710 fi
1374 2650 1708 2723 videbitur,
1765 2647 2107 2710 dissolvere.

139 2737 411 2798 Adducit
459 2740 648 2799 etiam
696 2740 776 2799 ad
835 2739 983 2812 hoe,
1043 2741 1214 2820 quod
1274 2737 1576 2819 reliquum
1636 2759 1862 2817 corpus
1922 2737 2106 2817 saepe

139 2846 371 2907 papam
428 2829 869 2889 condemnavit
933 2842 1120 2910 atque
1181 2828 1478 2908 deposuit.
1572 2828 1761 2905 Quod
1810 2841 2106 2908 quantum

139 2917 416 2977 veritatis
464 2918 712 2991 habeat,
760 2918 1143 2982 declaratum
1192 2918 1277 2977 est
1315 2916 1495 2996 supra
1529 2917 1587 2975 in
1619 2916 1680 2976 II.
1714 2930 1895 2996 parte
1927 2916 2105 2995 hujus

139 3004 440 3067 tractatus
506 3008 563 3067 in
625 3006 1017 3087 responsione
1083 3008 1163 3067 ad
1226 3007 1312 3066 III.
1377 3006 1860 3066 fundamentum.
1974 3006 2105 3066 Sed

140 3095 282 3175 quia
329 3095 424 3156 hic
472 3095 714 3177 aliquos
763 3098 1011 3157 adducit
1061 3117 1218 3177 quos
1269 3115 1396 3177 ego
1446 3096 1526 3155 ibi
1574 3116 1699 3156 non
1755 3094 1955 3174 posui,
2013 3095 2102 3154 vi-

139 3184 437 3257 dendum,
500 3187 648 3266 quid
712 3187 900 3246 etiam
959 3188 1039 3246 de
1099 3184 1209 3245 illis
1268 3185 1501 3245 veritas
1560 3185 1806 3244 habeat.
1898 3184 2101 3245 Primo

139 3273 302 3332 enirn
349 3275 596 3334 adducit
644 3276 702 3334 in
751 3276 1020 3335 medium
1067 3274 1464 3345 Anastafium,
1514 3287 1579 3333 et
1626 3274 1876 3353 quidem
1924 3273 1962 3333 fi
2011 3274 2100 3332 in-

139 3359 383 3444 telligat
415 3363 494 3424 de
523 3363 857 3437 Anastasio,
905 3365 985 3425 de
1035 3382 1160 3444 quo
1210 3361 1439 3423 dictum
1488 3362 1572 3422 est
1619 3362 1797 3441 supra
1845 3363 1903 3422 in
1951 3383 2099 3424 con-

139 3447 271 3510 clus.
317 3451 396 3526 11,
445 3453 705 3526 constat,
765 3454 963 3534 quod¹
998 3472 1122 3512 non
1178 3452 1287 3512 fuit
1335 3452 1415 3511 ab
1474 3450 1793 3529 universali
1852 3449 2100 3512 ecclefia

136 3538 538 3601 sententiatus
597 3549 711 3602 nec
770 3541 1112 3620 depofitus,
1175 3539 1315 3600 licet
1375 3542 1536 3600 enim
1585 3542 1747 3601 dicat
1797 3542 2101 3625 Martinus-
