2352 3808
1263 122 1332 174 68

324 295 594 375 potestas
642 295 851 378 ligata,
900 291 1101 355 donec
1147 296 1394 375 placeat
1437 319 1641 377 papae
1674 297 1773 358 vel
1808 300 1898 358 cui
1930 320 2096 378 papa
2128 321 2274 361 con-

326 386 511 458 cedit,
570 399 637 445 ut
685 385 989 464 episcopis
1051 398 1115 444 et
1174 387 1510 446 ordinariis.
1599 388 1680 447 Et
1738 388 1874 447 hinc
1933 388 2016 448 est
2073 390 2276 464 etiam,

325 475 494 555 quod
542 475 663 554 ipse
712 473 979 547 instituit,
1043 475 1362 548 transfert,
1410 477 1537 535 unit
1585 490 1648 536 et
1695 478 1905 537 dividit
1950 477 2275 556 parochias

323 577 387 623 et
445 562 756 623 dioeceses
815 577 1003 641 prout
1061 562 1190 622 vult
1250 578 1314 623 et
1375 564 1864 642 jurisdi6fionem
1923 566 2276 626 inferiorum

323 652 627 733 restringit
675 665 738 710 et
786 651 1139 730 amplificat,
1200 653 1439 713 confert
1489 667 1552 713 et
1598 656 1827 733 privat,
1885 676 1999 714 nec
2046 655 2129 715 est
2175 656 2276 735 qui

293 743 501 820 dicat,
550 761 743 820 quare
791 741 876 800 ita
925 742 1087 815 facis,
1136 755 1202 801 ut
1250 741 1429 820 supra
1476 742 1814 824 allegatum
1863 744 1960 803 est.
2015 743 2115 803 Sic
2162 744 2274 824 igi-

324 844 421 889 tur
469 830 623 902 dico⁷
673 831 841 910 quod
889 830 1030 890 ficut
1078 829 1405 912 collegium
1452 832 1849 911 apostolicum
1897 854 2020 893 non
2065 832 2276 892 habuit

314 916 834 998 jurisdictionem,
900 920 998 978 nifi
1060 941 1245 1000 quam
1291 921 1507 980 Petrus
1570 920 1680 981 illis
1730 922 2011 995 contulit,
2075 934 2140 980 ut
2198 942 2275 981 ex

323 1007 632 1068 do&trina
693 1030 737 1067 s,
784 1008 1071 1069 Thomae
1137 1008 1299 1069 clare
1363 1008 1695 1092 colligitur,
1758 1011 1858 1070 ubi
1920 1010 2126 1090 supra,
2189 1010 2275 1070 ita

323 1096 653 1178 collegium
730 1097 829 1157 vel
907 1096 1225 1158 concilium
1295 1099 1720 1178 praelatorum
1789 1099 2017 1159 nullam
2085 1099 2275 1158 habet

319 1186 693 1265 potestatem
730 1185 1198 1265 jurisditftioniS,
1259 1189 1357 1247 nisi
1413 1210 1597 1268 quam
1644 1210 1812 1268 papa
1860 1187 1970 1248 illis
2019 1188 2273 1248 confert.

320 1276 386 1335 Si
449 1292 633 1355 quam
696 1295 853 1358 ergo
917 1277 1124 1350 habet,
1188 1277 1379 1337 habet
1442 1299 1561 1337 una
1626 1300 1761 1337 cum
1822 1298 2018 1357 papa,
2081 1277 2272 1338 modo

319 1364 590 1443 superius
639 1365 972 1425 declarato,
1036 1367 1258 1425 Mirum
1307 1367 1467 1426 enim
1514 1368 1756 1427 videtur
1803 1381 1867 1427 et
1911 1388 2138 1427 vanum
2183 1366 2272 1426 di—

322 1476 481 1529 cere,
531 1456 698 1534 quod
746 1453 1074 1537 collegium
1124 1457 1561 1535 episcoporum
1616 1455 1840 1537 aliquid
1887 1456 2117 1516 habeat
2163 1455 2272 1514 im-

322 1545 590 1604 mediate
625 1565 662 1603 a
695 1546 836 1617 deo,
871 1546 1041 1625 quod
1075 1566 1199 1606 non
1233 1545 1443 1605 habuit
1476 1544 1805 1627 collegium
1838 1543 2273 1624 apostolorum.

321 1633 511 1710 Quod
557 1633 594 1692 fi
645 1635 776 1714 quis
826 1635 1024 1693 adhuc
1072 1648 1296 1716 arguat
1333 1648 1564 1708 contra,
1613 1649 1677 1695 ut
1711 1635 1958 1715 quidam
1990 1645 2271 1715 arguunt,

320 1724 462 1804 quia
510 1722 841 1802 capitulum
888 1738 1151 1784 vacante
1193 1724 1335 1805 segle
1384 1723 1722 1804 episcopali
1770 1723 1960 1783 habet
2007 1721 2271 1783 austori-

320 1825 515 1872 tatem
564 1813 840 1892 episcopi
890 1826 1034 1873 ante
1085 1812 1471 1888 elec‘tionem‚
1520 1832 1679 1895 ergo
1727 1813 1863 1892 post
1902 1810 2271 1873 electionem

319 1902 518 1962 adhuc
591 1903 816 1962 retinet
879 1901 1041 1962 illam
1103 1901 1452 1963 radicaliter
1513 1902 1613 1962 vel
1678 1900 2069 1962 essentialiter
2129 1899 2270 1961 licet

316 1990 642 2052 secundum
690 1990 894 2051 astum
942 1993 1276 2053 transferat
1324 1991 1485 2052 illam
1533 1993 1590 2051 in
1639 1990 1918 2052 elestum.
2008 1991 2199 2072 Igitur
2231 2010 2270 2051 a

316 2079 479 2141 fimili
527 2079 857 2163 collegium
905 2080 1299 2142 cardinalium
1345 2080 1445 2142 vel
1494 2081 1682 2161 ipsum
1730 2078 2046 2142 concilium
2078 2078 2268 2140 habet

317 2170 375 2230 in
430 2170 491 2231 se
550 2170 900 2233 radicaliter
957 2170 1395 2232 auctoritatem
1453 2169 1758 2250 papalem.
1807 2169 2037 2243 ›Dico‚
2097 2168 2268 2249 quod

317 2280 442 2322 non
505 2260 589 2320 est
648 2283 880 2335 verum,
945 2262 1114 2341 quod
1177 2259 1508 2341 capitulum
1555 2260 1786 2320 habeat
1833 2256 2267 2318 auctoritatem

315 2348 766 2430 episcopalem,
827 2351 1013 2410 etiam
1071 2364 1332 2410 vacante
1392 2349 1549 2409 sede.
1642 2350 1787 2408 Non
1847 2348 2007 2408 enim
2064 2345 2266 2426 potest

315 2441 604 2501 ordinare
669 2439 768 2500 vel
843 2439 1198 2500 consecrare
1275 2460 1387 2500 nec
1459 2438 1758 2498 beneficia
1820 2437 2102 2498 conferre
2166 2433 2264 2524 vel
2346 2510 2352 2516 ·

314 2528 584 2590 alienare
633 2550 793 2610 quae
841 2530 1096 2608 proprie
1137 2530 1450 2609 pertinent
1482 2529 1563 2588 ad
1596 2528 1972 2607 episcopum,
2019 2524 2159 2585 licet
2205 2525 2263 2583 in

313 2620 446 2680 casu
506 2620 873 2680 necessitatis
933 2632 1173 2679 tantum
1230 2638 1347 2698 pro
1405 2615 1593 2678 salute
1642 2618 1882 2676 animae
1929 2614 2106 2694 posfit
2151 2613 2261 2673 ab-

310 2708 551 2770 solvere
612 2730 649 2769 a
705 2706 947 2769 vinculo
1008 2706 1650 2768 excommunicationis
1710 2727 1747 2765 a
1793 2703 2261 2784 praedecessore

312 2797 549 2873 illatae,
608 2812 675 2859 ut
731 2810 910 2878 patet
968 2810 1095 2858 tam
1151 2798 1208 2856 in
1257 2810 1429 2857 textu
1478 2817 1662 2876 quam
1708 2793 1913 2877 glosfis
1962 2805 2153 2853 extra
2183 2811 2262 2852 ne

309 2887 452 2949 sede
499 2909 626 2948 vac.
676 2909 720 2948 6.
751 2888 812 2947 ΙΙ.
862 2901 926 2947 et
974 2908 1019 2946 c.
1067 2887 1157 2946 his
1207 2907 1302 2966 qu.
1352 2898 1528 2946 extra
1575 2886 1654 2944 de
1702 2883 1922 2963 majori
1969 2894 2033 2942 et
2080 2881 2260 2941 obed.

310 2976 769 3039 Aucf'toritatem
817 2977 1003 3036 etiam
1063 2989 1126 3036 et
1178 2972 1668 3054 jurisdictionem
1723 2974 1885 3052 capit
1932 2971 2258 3050 episcopus

313 3065 545 3127 electus
609 3087 730 3127 non
797 3087 834 3126 a
896 3064 1191 3144 capitulo,
1253 3064 1357 3124 sed
1404 3084 1441 3122 a
1487 3083 1671 3142 papa,
1733 3063 1877 3121 dum
1939 3057 2259 3121 confirmat
2323 3064 2326 3067 ’

311 3154 681 3216 electionem
729 3176 766 3216 a
812 3153 1078 3233 capitulo
1129 3151 1369 3227 fastam,
1426 3173 1610 3233 quam
1657 3150 1857 3230 potest
1903 3147 2258 3228 approbare

312 3258 375 3305 et
422 3245 781 3324 reprobare.
839 3245 920 3304 Et
966 3264 1081 3323 per
1128 3243 1247 3303 hoc
1293 3254 1469 3321 patet
1515 3240 1820 3320 responsio
1870 3239 1949 3298 ad
1996 3234 2258 3316 objefta.

308 3334 391 3395 Et
436 3334 592 3394 haec
637 3334 769 3394 sunt
817 3354 977 3415 quae
1026 3332 1287 3392 dicenda
1334 3342 1730 3392 occurrerunt
1777 3328 1934 3388 circa
1980 3324 2254 3406 propofi-

311 3437 438 3483 tam
487 3422 920 3503 quaestionem.
