2352 3808
1071 156 1135 210 11

95 330 244 402 'liae
291 338 598 402 elestione
645 337 913 419 aliquam
951 335 1444 418 jurisdictionem
1492 336 1925 407 tribueremus,
1986 334 2083 394 nisi

128 430 484 513 legeremus
547 427 696 489 alias
759 427 861 487 fibi
920 429 1000 488 ad
1062 440 1308 507 partem
1369 427 1490 487 esse
1555 423 1860 487 collatam.
1953 425 2085 484 Nec

126 519 390 581 similiter
447 519 683 580 fundari
731 517 935 597 potest
992 518 1147 578 haec
1206 517 1559 578 immediata
1609 513 1857 576 collatio
1906 513 2085 592 super

127 608 271 671 illud
324 610 463 670 Luc,
506 608 636 668 IX.:
698 607 1075 668 Convocatis
1136 621 1346 667 autem
1404 606 1732 666 duodecim
1791 601 2082 684 apostolis

127 699 298 760 dedit
355 697 466 758 illis
524 698 814 758 virtutem
875 711 938 757 et
998 696 1371 777 potestatem
1430 695 1609 776 super
1668 695 1875 756 omnia
1934 694 2111 752 dae-'

127 788 335 849 monia
392 800 456 848 et
513 800 579 847 ut
637 786 976 868 languores
1036 800 1339 859 curarent,
1399 787 1540 867 quia
1601 784 1869 865 expulsio
1931 783 2081 843 dae-

125 896 379 938 monum
413 890 475 936 et
508 875 882 959 languorum
917 877 1151 937 curatio
1188 875 1415 936 nullam
1442 873 1937 954 jurisdicfftionem
1972 873 2080 932 im-

124 965 408 1048 portant,
478 965 582 1027 sed
643 965 835 1026 solum
897 968 1166 1049 gratiam
1229 967 1540 1046 quandam
1609 966 1805 1047 gratis
1870 965 2083 1023 datam

124 1077 307 1138 quam
355 1077 561 1116 merus
610 1056 795 1116 laicus
846 1070 909 1116 et
957 1056 1194 1116 infimus
1243 1055 1510 1115 subditus
1572 1056 1805 1114 habere
1865 1051 2082 1133 potest,

122 1146 305 1223 Unde
355 1159 419 1206 et
468 1147 661 1205 Marci
711 1145 924 1205 ultimo
973 1148 1122 1206 data
1171 1145 1255 1205 est
1302 1145 1399 1204 vel
1460 1146 1749 1224 promissa
1799 1144 2081 1203 omnibus

123 1235 545 1296 indifferenter
576 1233 921 1315 perfecCtam
953 1235 1139 1295 fidem
1172 1235 1560 1305 habentibus,
1595 1235 1736 1315 quia
1769 1234 1938 1315 signa
1973 1254 2080 1292 au-

122 1338 250 1395 tem
294 1346 406 1386 eos
452 1326 552 1406 qui
598 1326 969 1385 crediderint
1013 1325 1167 1385 haec
1205 1324 1536 1405 sequentur
1576 1338 1688 1384 etc,
1752 1323 2082 1401 Quaedam

121 1427 331 1474 autem
364 1413 522 1475 aliae
556 1410 980 1488 au&oritateS‚
1026 1415 1242 1496 quibus
1277 1415 1397 1474 hoc
1441 1413 1639 1493 ipsum.
1674 1413 1851 1473 astrui
1884 1411 2080 1492 possit,

120 1504 367 1564 inferius
403 1505 879 1566 evacuabuntur.
931 1505 995 1565 Si
1031 1524 1189 1586 ergo
1225 1505 1462 1564 dicatur
1495 1505 1760 1575 tertium,
1794 1501 2081 1563 videlicet

119 1594 289 1675 quod
323 1593 640 1654 concilium
674 1594 832 1653 hanc
864 1591 1302 1654 auctoritatem
1342 1594 1533 1654 habet
1567 1615 1603 1653 a
1635 1614 1821 1673 papa,
1865 1592 1938 1652 fic
1970 1592 2079 1652 ha-

118 1683 300 1743 betur
331 1683 730 1763 propositum,
765 1685 906 1765 quia
932 1698 1074 1744 tunc
1102 1706 1224 1744 una
1250 1686 1365 1745 erit
1392 1682 1731 1744 auc‘toritas
1763 1683 2079 1762 utriusque

119 1773 362 1834 unitate·
403 1774 632 1833 ordinis
683 1786 760 1833 et·
794 1775 1255 1853 dependentiae
1305 1776 1384 1834 de
1435 1794 1558 1854 qua
1613 1773 1707 1832 hic
1753 1772 2077 1854 loquimur,

121 1862 263 1943 quia
308 1862 649 1942 potestates
697 1864 1131 1942 dependentes
1177 1878 1240 1924 et
1287 1863 1723 1923 subordinatae
1773 1881 1900 1922 non
1947 1861 2079 1921 sunt

104 1950 459 2031 potestates
503 1950 846 2032 simpliciter
889 1951 1218 2028 distinctae,
1265 1954 1364 2013 nifi
1398 1953 1650 2027 dicatur,
1696 1953 1866 2032 quod
1909 1972 2078 2031 papa

116 2039 280 2101 suam
327 2039 765 2102 aucf'coritatem
814 2044 1110 2103 transfert
1157 2042 1437 2104 totaliter
1484 2044 1542 2102 in
1593 2041 1936 2114 concilium,
1983 2040 2074 2101 se-

117 2129 306 2210 ipsum
339 2129 438 2190 illa
485 2132 809 2211 privandQ
858 2134 1028 2212 quod
1076 2134 1230 2193 infra
1279 2132 1664 2194 conclusione
1699 2133 1842 2192 VIII.
1877 2131 2077 2192 osten-

116 2220 299 2280 detur
346 2239 472 2280 non
521 2222 642 2282 esse
692 2224 1084 2283 conveniens.

359 2348 533 2409 Ordo
585 2349 974 2411 dicendorum
1027 2354 1092 2412 2⁶72
1143 2355 1485 2432 ngaestz'one
1537 2353 1846 2432 sequitur.-

123 2510 126 2514 .
253 2443 430 2504 Circa
462 2444 629 2504 istam
662 2445 1083 2525 quaestionem
1117 2448 1190 2507 fic
1222 2449 1626 2527 procedetur:
1661 2443 1735 2507 1⁰.
1762 2446 1924 2516 enim
1957 2465 2075 2524 pro

117 2534 417 2593 materiae
463 2533 898 2594 dilucidatione
939 2550 1255 2615 ponuntur
1293 2538 1454 2597 XIV.
1489 2536 1906 2598 conclusiones
1941 2556 2077 2594 cum

114 2620 227 2682 suis
282 2623 756 2702 probationibus
806 2638 870 2684 et
925 2639 1143 2686 contra
1200 2647 1415 2686 earum
1471 2626 1705 2706 aliquas
1761 2638 2077 2705 ponuntur

114 2709 358 2792 aliquae
428 2711 817 2792 obje6³tiones
881 2727 945 2775 et
1006 2715 1202 2775 statim
1272 2715 1658 2795 subjicientur
1726 2714 2075 2774 solutiones,

113 2796 212 2860 11⁰.
258 2821 413 2862 vero
462 2802 934 2882 respondebitur
966 2806 1045 2864 ad
1078 2803 1318 2865 titulum
1367 2805 1750 2886 quaestionis,
1812 2805 1894 2864 Et
1938 2817 2074 2863 tan-

114 2889 259 2950 dem
291 2887 414 2951 111⁰.
447 2891 683 2952 dicetur
707 2894 788 2953 ad
821 2894 1098 2980 rationes
1126 2895 1183 2954 in
1211 2896 1561 2975 oppositum
1594 2893 1790 2956 sastas
1818 2896 1875 2954 in
1908 2894 2073 2974 prin-

115 2979 272 3060 cipio
307 2979 691 3062 quaestionis.

818 3131 856 3191 I.
914 3123 1366 3196 CONCL'USIO.

115 3228 280 3299 Quod
318 3250 425 3285 non
466 3233 543 3286 est
581 3240 785 3286 tantum
813 3235 1152 3289 tribuendum
1184 3237 1386 3305 judicio
1427 3238 1788 3301 multitudini3‚
1833 3238 1958 3305 quin
1990 3237 2072 3306 ju-

271 3324 274 3328 ·
297 3307 494 3360 dicium
522 3307 676 3360 solius
712 3326 886 3378 papae
913 3313 1074 3363 etiam
1102 3313 1153 3363 in
1181 3313 1464 3381 agibilibus
1491 3313 1648 3381 possit
1686 3320 1809 3365 ante
1838 3313 2073 3365 divinum

298 3381 641 3452 conspefi‘mm
672 3383 876 3451 judicio
915 3386 1260 3442 multitudinis
1300 3387 1626 3458 praevalere.

246 3470 551 3534 Probatur
592 3475 673 3550 de
716 3473 883 3535 saffio
933 3499 1049 3556 per
1096 3477 1449 3558 exemplum
1484 3478 1777 3562 Gregorii
1810 3480 1923 3552 VI„
1972 3479 2073 3560 qui

113 3572 242 3653 tam
291 3580 328 3620 a
374 3560 643 3646 collegio
704 3565 1129 3643 cardinalium,
1189 3589 1374 3648 quam
1422 3589 1459 3628 a
1507 3583 1721 3630 cetero
1781 3569 1949 3629 clero
2008 3580 2071 3628 et
