2352 3808
1045 150 1115 202 29

81 351 231 392 -non
278 343 574 410 tanquam
627 328 855 388 scribae
911 346 1158 401 eorum,
1213 327 1316 407 qui
1375 325 1562 387 literis
1623 325 1782 407 legis
1810 340 1813 349 ·
1842 323 2059 386 astricti

106 438 232 480 non
280 419 593 480 audebant
648 416 872 498 aliquid
922 418 1260 476 immutare.
1322 416 1423 476 Sic
1471 430 1535 477 et
1581 415 1848 477 summae
1907 415 2059 476 sedis

105 507 398 570 antistites
456 507 789 568 canonibus
839 527 877 566 a
923 506 981 565 se
1041 506 1161 566 five
1222 505 1300 565 ab
1349 504 1479 565 aliis
1527 504 1630 566 sua
1688 502 2059 565 auctoritate

107 599 367 659 conditis
401 597 818 658 reverentiam
851 595 1143 655 exhibent
1177 609 1241 655 et
1274 596 1361 655 eis
1396 594 1454 655 se
1489 593 1864 655 humiliando
1900 594 2058 674 ipsos

19 679 24 685 ⁷
105 687 470 761 custodiunt,
528 700 595 746 ut
654 685 782 746 aliis
843 684 1264 746 observandos
1325 685 1671 745 exhibeant.
1759 685 2058 745 Nonnun-

105 798 291 859 quam
351 795 503 836 vero
573 774 675 835 seu
735 775 1017 855 jubendo
1084 774 1185 834 seu
1257 775 1656 835 decernendo
1721 773 1820 834 seu
1885 773 2061 834 aliter

105 866 356 950 agendo
417 864 476 925 se
531 866 928 925 decretorum
982 865 1270 924 dominos
1332 877 1396 924 et
1453 864 1810 924 conditores
1860 862 2058 923 osten-

105 957 270 1017 dunt.
332 955 396 1014 In
445 954 778 1034 praemissis
829 974 988 1036 ergo
1024 975 1153 1034 cap.
1188 953 1316 1014 aliis
1366 953 1697 1033 imponitur
1745 952 2059 1013 necessitas

106 1044 508 1125 obsequendi,
564 1043 804 1104 summis
852 1063 1004 1103 vero
1054 1043 1442 1122 pontificibus
1493 1043 1829 1103 ostenditur
1876 1043 2059 1102 inesse

105 1131 442 1196 auctoritas
493 1133 874 1205 observandi,
924 1147 990 1193 ut
1031 1154 1068 1193 a
1109 1132 1168 1193 se
1217 1134 1445 1194 tradita
1493 1132 1882 1193 observando
1933 1131 2059 1193 aliis

107 1244 232 1285 non
271 1225 750 1286 ‘contemnenda
807 1222 1256 1296 demonstrent,
1317 1221 1604 1302 exemplo
1664 1221 1903 1295 Christi,
1962 1222 2060 1302 qui

105 1314 486 1375 sacramenta
510 1334 670 1394 quae
705 1311 992 1374 ecclefiae
1019 1314 1335 1373 mandavit
1362 1312 1765 1386 observanda,
1799 1312 2060 1391 primum

105 1403 364 1483 suscepit
412 1403 469 1463 in
518 1401 724 1482 seipso,
773 1416 839 1463 ut
873 1423 950 1462 ea
982 1403 1038 1462 in
1073 1402 1261 1482 seipso
1310 1400 1726 1462 sanctificaret.
1785 1401 2062 1481 Oportet

107 1513 263 1576 ergo
323 1493 585 1573 primam
642 1491 876 1567 sedem,
937 1506 1002 1552 ut
1050 1493 1335 1564 diximus,
1396 1491 1727 1552 observare
1776 1511 1853 1551 ea
1901 1512 2060 1572 quae

106 1582 503 1644 decernendo
553 1582 893 1654 mandavit,
942 1603 1066 1643 non
1116 1581 1467 1643 necessitate
1518 1581 1912 1661 obsequendi,
1959 1580 2062 1641 sed

107 1670 475 1733 auctoritate
524 1671 941 1752 impartiendi3
999 1670 1138 1732 licet
1194 1673 1402 1752 itaque
1451 1671 1551 1731 sibi
1601 1684 1819 1731 contra
1865 1692 2060 1754 gene-

107 1760 257 1823 ralia
313 1763 568 1823 decreta
625 1761 905 1841 specialia
952 1760 1277 1844 privilegia
1338 1760 1661 1843 indulgere
1712 1774 1775 1821 et
1822 1758 2061 1840 speciali

108 1851 407 1913 beneficio
442 1852 806 1926 concedere,
856 1852 1025 1932 quod
1059 1850 1341 1933 generali
1388 1851 1755 1931 prohibetur
1788 1850 2062 1911 decreto,

106 1940 279 2002 Sacri
325 1941 615 2023 siquidem
664 1962 958 2001 canones„
985 1941 1070 2001 ita
1118 1939 1344 2021 aliquid
1393 1939 1775 2011 constituunt,
1823 1954 1888 2000 ut
1921 1939 2062 2001 suae

107 2031 634 2111 interpretationis
672 2028 1109 2092 auctoritatem
1141 2030 1175 2091 s.
1207 2050 1360 2091 rom.
1395 2029 1682 2091 ecclesiae
1732 2029 2062 2091 reservent.

106 2120 214 2201 Ipsi
263 2142 530 2201 namque
584 2118 690 2182 soli
738 2141 1009 2181 canones
1057 2119 1269 2181 valent
1325 2121 1746 2200 interpretari,
1807 2121 1909 2200 qui
1957 2119 2060 2199 jus

109 2209 414 2272 condendi
463 2231 576 2272 eos
624 2210 872 2271 habent.
946 2210 1126 2271 Unde
1176 2210 1235 2270 in
1284 2209 1590 2271 nonnullis
1639 2231 1724 2270 ca.
1773 2209 2061 2271 concilio·

107 2321 259 2374 rum,
307 2321 443 2360 cum
491 2299 718 2380 aliquid
766 2299 1218 2360 observandum
1266 2301 1634 2373 decernitur,
1683 2298 1880 2360 statim
1927 2298 2060 2359 sub-

110 2387 380 2463 infertur,
420 2389 521 2450 nifi
561 2387 898 2451 auctoritas
932 2409 1082 2451 rom.
1116 2389 1404 2451 ecclesiae
1441 2389 1618 2450 aliter
1650 2390 2061 2469 imperaverit.

110 2478 287 2540 Haec
333 2478 412 2538 ibi
459 2478 517 2538 in
565 2492 738 2539 textu
798 2479 884 2540 de>
925 2480 1122 2540 verbo
1183 2481 1262 2540 ad
1310 2480 1583 2540 verbum.
1658 2479 1827 2539 Idem
1876 2480 2061 2540 etiam

109 2569 375 2630 habetur
432 2568 490 2628 in
550 2589 595 2627 c.
642 2567 1000 2650 Significasti
1060 2582 1209 2628 extr.
1268 2570 1347 2629 de
1408 2567 1611 2642 elect,
1670 2569 1771 2628 ubi
1830 2568 2060 2641 dicitur,

109 2658 280 2740 quod
339 2658 397 2718 in
454 2656 687 2718 statutis
747 2657 979 2718 concilii
1037 2657 1278 2737 semper
1341 2658 1638 2738 excipitur
1696 2678 1847 2718 rom.
1906 2657 2061 2719 sedis

109 2745 460 2809 auctoritas,
524 2745 775 2808 Glossae
825 2750 1010 2808 etiarn
1060 2748 1223 2807 idem
1256 2747 1619 2808 confirmant
1650 2746 1830 2826 super
1876 2767 2060 2827 prae-

108 2834 275 2898 dicto
309 2857 355 2897 c.
386 2836 554 2909 Ideo,
602 2850 667 2898 et
712 2836 892 2918 super
938 2837 1046 2917 pri.
1080 2859 1125 2897 c,
1158 2835 1359 2897 dictae
1395 2836 1609 2897 causae
1642 2835 1842 2898 XXV.
1875 2858 1972 2918 qu.
2016 2857 2061 2897 1.

108 2925 277 2987 Idem
333 2924 532 3008 glossa
587 2925 767 3006 super
820 2927 1016 2987 verbo
1065 2927 1344 2987 Fortasse
1403 2928 1482 2987 de
1542 2926 1736 2987 conse.
1784 2925 1906 2987 dist.
1954 2948 2060 3006 pr„

110 3037 270 3098 quae
317 3015 476 3090 dicit,
532 3017 701 3097 quod
748 3014 972 3076 statuta
1018 3014 1251 3076 concilii
1298 3037 1467 3096 papa
1513 3015 1716 3096 potest
1763 3037 1840 3076 ex
1887 3014 2063 3077 causa

111 3105 415 3166 infirmare
465 3118 529 3165 et
575 3104 916 3165 immutare.
977 3105 1218 3166 Eadem
1267 3106 1454 3166 etiam
1502 3104 1801 3167 conclusio
1851 3104 1936 3165 est
1982 3105 2061 3166 de

111 3208 319 3256 mente
358 3193 401 3255 s.
431 3193 718 3256 Thomae
767 3195 824 3254 in
872 3193 1308 3277 praeallegato
1359 3209 1470 3255 art.
1502 3195 1578 3255 X.
1622 3215 1711 3274 pr.
1744 3217 1841 3276 qu.
1872 3194 2061 3255 XXII.

112 3282 274 3362 Quia
318 3284 385 3358 si,
444 3297 511 3345 ut
569 3283 691 3363 ipse
749 3284 892 3344 dicit
950 3284 1056 3358 ibi,
1115 3283 1435 3345 concilium
1492 3285 1876 3364 praecedens
1936 3305 2059 3346 non

112 3371 266 3455 ligat
327 3372 645 3434 concilium
707 3372 1100 3453 subsequenS,
1172 3374 1348 3454 quin
1412 3374 1641 3434 etiam
1710 3374 1911 3435 circa
1972 3395 2062 3436 ea

112 3481 309 3542 quae
354 3461 538 3524 fidei
596 3461 785 3536 sunt,
844 3461 1077 3541 possit
1123 3462 1213 3524 de
1261 3483 1462 3525 novo
1521 3461 1813 3543 aliquid
1860 3463 2059 3533 ordi-

112 3571 326 3613 nare:
385 3552 519 3631 pari
565 3553 758 3614 modo
807 3570 933 3612 non
992 3550 1196 3631 potest
1228 3551 1436 3634 ligare
1489 3573 1748 3633 papam,
1808 3574 1846 3613 a
1892 3552 2060 3633 cujus
