2352 3808
1247 128 1318 180 70

308 305 387 363 de
448 323 571 363 non
631 317 776 364 ente
837 325 976 375 enS‚
1038 317 1101 363 et
1149 305 1228 364 de
1277 302 1460 365 nihilo
1511 304 1748 387 aliquid.
1840 307 1999 367 Nihil
2048 322 2256 370 autem

307 393 522 472 recipit
570 394 691 453 esse
741 394 819 452 ab
877 391 1083 472 aliquo
1141 407 1204 453 et
1266 394 1374 452 dat
1436 395 1555 454 esse
1619 396 1837 469 eidem,
1898 397 2256 475 praesertim

308 504 459 555 cum,
507 495 574 541 ut
621 480 847 541 difftum
896 481 980 541 est
1027 483 1084 541 in
1133 480 1532 555 conclusione,
1581 505 1747 563 papa
1795 505 1920 545 non
1954 499 2257 547 convocet

308 569 626 630 concilium
695 584 762 629 ut
832 589 1063 648 praeco
1134 569 1450 649 populum,
1520 571 1623 642 sed
1685 586 1751 632 ut
1811 573 2019 652 pastor
2081 574 2256 635 ovile.

312 656 386 737 3⁰
434 660 574 738 quia
637 680 713 718 ex
775 659 890 718 hac
953 657 1324 719 auEtoritate
1388 681 1512 721 non
1575 660 1710 740 plus
1770 662 1971 741 potest
2027 663 2257 739 haberi,

309 769 492 828 quam
541 749 709 827 quod
756 769 923 827 papa
970 748 1173 827 potest
1220 750 1440 828 corripi
1489 762 1552 809 et
1599 751 1897 830 increpari
1931 753 2100 832 quod
2133 772 2258 814 non

309 858 610 917 negamus
660 836 887 896 nedum
945 839 1024 897 de
1084 837 1368 910 concilio,
1426 838 1529 898 sed
1588 861 1789 919 neque
1849 842 1927 900 de
1987 840 2260 921 qualibet

307 925 570 1004 persona
616 925 980 1005 particulari,
1030 928 1367 987 dummodo
1418 948 1494 987 ex
1542 930 1796 988 caritate
1830 942 2084 1002 tantum,
2133 951 2258 991 non

307 1015 632 1094 praetensa
696 1029 905 1075 tamen
959 1016 1218 1095 jubendi
1280 1015 1380 1076 vel
1443 1018 1811 1096 prohibendi
1875 1017 2259 1080 auftoritate.
2342 1045 2352 1058 ·

309 1101 386 1180 4⁰
435 1105 576 1183 quia
625 1125 748 1164 non
798 1105 882 1164 est
915 1107 1164 1166 omnino
1199 1119 1430 1179 notum,
1479 1108 1647 1186 quod
1679 1120 1856 1166 tanta
1888 1108 2066 1168 fuerit
2096 1109 2260 1169 Petri

308 1194 728 1272 reprehensio,
792 1209 1087 1274 quantum
1149 1196 1581 1273 praetendunt.
1687 1196 1848 1255 Nam
1909 1197 1963 1256 b.
2021 1194 2258 1259 Hilario

309 1303 434 1343 non
481 1283 725 1343 videtur
771 1284 933 1343 bene
983 1283 1330 1358 consonum,
1379 1285 1547 1364 quod
1597 1284 1876 1356 ChristuS‚
1939 1285 2261 1366 postquam

308 1385 547 1432 tantum
581 1374 1131 1433 commendaverat
1165 1387 1229 1433 et
1260 1373 1725 1434 beatificaverat
1756 1375 2020 1449 Petrum,
2067 1374 2260 1435 statim

308 1461 444 1540 post
489 1475 747 1521 vocaret
796 1483 936 1521 eum
975 1463 1330 1522 Sathanam.
1422 1463 1550 1523 Sed
1597 1463 1921 1523 secundum
1969 1464 2155 1543 ipsum
2201 1465 2260 1524 in

310 1549 434 1630 ipsa
480 1549 791 1611 locutione
838 1551 970 1611 sunt
1017 1553 1142 1611 duo
1189 1550 1476 1626 versiculi
1537 1572 1796 1632 quorum
1842 1553 2071 1631 primus
2120 1554 2259 1612 diri-

307 1640 474 1740 gitur
519 1639 735 1711 Petro
797 1642 887 1700 cui
942 1642 1185 1701 dicitur:
1245 1642 1422 1701 Vade
1482 1641 1616 1720 post
1672 1662 1770 1700 me
1819 1642 1849 1700 i.
1898 1662 1948 1701 e.
2005 1641 2260 1721 sequere

307 1730 513 1808 potius
563 1750 663 1788 me
713 1730 792 1789 ad
841 1729 1193 1809 passionem,
1242 1751 1365 1790 non
1416 1751 1515 1789 me
1563 1730 1847 1790 retrahas
1897 1731 1974 1790 ab
2024 1731 2261 1791 eadem.

309 1818 483 1878 Alius
517 1819 796 1899 dirigitur
828 1818 1080 1878 diabolo
1117 1821 1206 1878 cui
1251 1820 1493 1878 dicitur:
1541 1820 1870 1891 Sathanas‚
1917 1818 2260 1881 scandalum

309 1908 452 1968 mihi
508 1928 593 1980 eS‚
655 1909 754 1987 qui
802 1906 920 1967 scil.
980 1929 1079 1967 me
1139 1929 1176 1967 a
1234 1908 1507 1987 passione
1565 1910 1655 1967 vis
1715 1908 2060 1979 retrahere,
2123 1908 2260 1991 sug-

309 1996 588 2079 gestione
647 1996 826 2057 videl.
886 1998 1136 2056 immissa
1194 1998 1251 2056 in
1309 1998 1571 2056 Petrum.
1663 1998 1844 2057 Unde
1902 1997 1997 2056 hic
2057 1998 2262 2077 potius

311 2086 637 2146 fecundum
696 2085 995 2146 Hilarium
1054 2087 1162 2145 fuit
1225 2087 1630 2146 exacerbatus
1702 2085 2011 2159 diaboluS,
2081 2107 2266 2166 quam

309 2177 541 2235 Petrus,
633 2175 763 2235 Sed
824 2176 1009 2235 etiam
1068 2176 1218 2235 dato
1275 2175 1600 2235 secundum
1649 2176 1817 2255 quod
1866 2176 2266 2235 cummuniter

312 2266 639 2344 exponitur
687 2265 764 2323 ab
813 2263 958 2335 aliis,
1007 2266 1178 2344 quod
1210 2277 1345 2324 tota
1386 2262 1613 2324 locutio
1647 2265 1880 2324 feratur
1911 2263 2264 2338 in‘Petrum‚

311 2353 697 2414 nihilominus
747 2352 887 2412 nihil
936 2353 1078 2412 facit
1126 2354 1205 2412 ad
1252 2353 1633 2432 propositum
1680 2366 1943 2432 propter
1989 2353 2262 2413 rationes

311 2443 681 2522 praemissas,

443 2531 503 2590 ΙΙ.
551 2532 1045 2590 Fundamentum
1098 2544 1345 2590 sumunt
1403 2552 1480 2590 ex
1538 2530 1656 2591 hoc
1711 2532 1879 2611 quod
1925 2531 1980 2589 b.
2026 2528 2261 2604 Paulus,

312 2643 447 2681 cum
507 2621 742 2680 vidisset
804 2621 858 2679 b.
916 2621 1164 2679 Petrum
1227 2618 1645 2699 apostolorum
1706 2620 2043 2698 principem
2106 2619 2263 2679 circa

312 2709 809 2771 observationem
867 2707 1159 2789 legalium
1219 2707 1757 2788 reprehensibilem
1817 2708 1951 2768 fore
2011 2721 2074 2767 et
2136 2727 2260 2767 non

311 2797 628 2860 ambulare
677 2799 758 2858 ad
805 2796 1234 2858 reffitudinem
1271 2797 1631 2879 evangelii,
1692 2796 1902 2857 restitit
1950 2798 2004 2856 ei
2052 2808 2261 2857 coram

312 2888 592 2948 omnibus
641 2888 699 2946 in
748 2888 965 2947 faciem
1014 2900 1077 2945 et
1125 2908 1162 2946 a
1208 2885 1603 2960 simulatione,
1652 2887 1710 2946 in
1744 2907 1928 2966 quam
1960 2883 2114 2945 alios
2149 2885 2258 2944 de-

311 2977 605 3048 ducebat,
674 2976 950 3035 veritatis
1012 2975 1146 3035 zelo
1220 2975 1509 3054 represfit.
1627 2976 1802 3035 Haec
1868 2974 2000 3033 sunt
2067 2973 2260 3033 verba

309 3066 594 3126 sessionis
642 3063 1015 3144 praedidtae.
1063 3065 1167 3124 Ad
1215 3066 1384 3144 quod
1430 3063 1572 3124 licet
1611 3064 1747 3124 satis
1795 3063 1992 3142 posset
2038 3075 2257 3141 patere

310 3154 616 3234 responfio
667 3176 744 3214 ex
789 3153 880 3212 his
930 3174 1089 3233 quae
1136 3153 1314 3232 supra
1361 3154 1419 3212 in
1452 3153 1839 3232 responsione
1873 3151 1952 3210 ad
1985 3152 2258 3230 quintum

311 3256 745 3324 argumentum
793 3240 955 3302 dicta
1001 3242 1146 3301 sunt.
1195 3241 1324 3321 Ipsa
1374 3255 1583 3317 tamen
1631 3241 1738 3301 sua
1782 3239 1978 3300 verba
2022 3261 2091 3298 se
2139 3236 2254 3299 sol-

310 3344 474 3390 vunt.
549 3331 703 3390 Cum
750 3332 910 3390 enim
958 3332 1231 3411 inquiunt
1277 3331 1551 3390 veritatis
1593 3329 1755 3403 ze10‚
1813 3329 1973 3387 bene
2023 3329 2256 3387 dicunt:

310 3421 429 3480 hoc
491 3421 652 3479 enim
713 3421 902 3480 modo
965 3433 1028 3479 et
1073 3419 1261 3480 Paulo
1327 3432 1390 3479 et
1452 3417 1712 3498 cuilibet·
1751 3416 1911 3476 licuit
1974 3429 2038 3476 et
2098 3414 2253 3487 licet,

309 3510 555 3568 Petrum
597 3506 695 3567 vel
728 3509 1073 3568 Praelatum
1120 3508 1284 3566 suum
1333 3528 1616 3588 arguere,
1663 3504 1840 3564 videl.
1875 3504 2252 3565 ostendendo
