2352 3808
0 405 37 533 P
87 362 93 367 ,

1044 134 1114 187 69

278 424 675 488 SECUNDA
727 423 939 485 PARS
989 423 1299 485 TOTIUS
1347 422 1884 484 TRACTATUS.

234 585 363 646 Sed
422 584 563 664 quia
622 582 714 641 his
774 604 935 664 quae
995 582 1267 663 superius
1327 583 1740 644 determinata
1797 580 1930 643 sunt
2000 596 2063 643 et

101 673 458 756 praesertim
504 672 566 732 ΙΙ.
615 671 979 733 conclufioni
1028 673 1338 754 quaedam
1386 673 1641 733 decreta
1688 674 1747 733 in
1796 670 2060 733 conciliis

103 762 536 826 Constantienfi
586 774 649 821 et
696 760 1012 822 Bafileenfi
1062 763 1228 822 edita
1277 763 1532 822 obviare
1579 762 1881 836 videntur,
1930 763 2061 843 qui-

99 855 213 915 bus
248 850 518 914 nonnulli
552 851 948 911 inhaerentes
984 852 1251 912 asserunt
1282 870 1401 931 pro
1437 864 1629 923 certO,
1679 852 1850 932 quod
1892 873 2062 932 papa

101 944 327 1004 nedum
374 942 432 1001 in
481 940 614 1001 casu
662 939 832 1014 fidei,
893 940 996 1001 sed
1045 942 1232 1002 etiam
1281 943 1338 1001 in
1388 939 1523 1001 casu
1573 939 1896 1020 cujuslibet
1944 962 2058 1002 no-

21 1073 33 1110 7
101 1033 239 1095 torii
298 1031 556 1091 criminis
615 1029 918 1109 subjicitur
965 1030 1196 1111 judicio
1269 1028 1607 1113 generalis
1645 1028 1905 1105 concilii,
1976 1031 2062 1092 ita

100 1122 269 1204 quod
347 1119 665 1181 concilium
735 1121 793 1179 in
864 1141 1097 1200 papam
1165 1118 1518 1199 poenaliter
1589 1133 1652 1180 et
1720 1120 2060 1200 privatorie

98 1210 301 1292 potest
330 1211 678 1290 procedere
717 1223 1014 1290 tanquam
1049 1209 1180 1289 ejus
1203 1209 1401 1289 judex
1432 1210 1670 1269 habens
1704 1210 2059 1271 immediate

100 1299 509 1362 au6toriatem
557 1320 595 1360 a
641 1301 781 1361 deo.
851 1299 1081 1359 Idcirco
1129 1319 1247 1379 pro
1295 1299 1518 1378 majori
1550 1299 1827 1359 veritatis
1878 1298 2059 1359 eluci-

99 1391 349 1451 datione
419 1389 770 1470 hujusmodi
848 1409 1066 1450 eorum
1137 1389 1478 1450 assertionis
1549 1388 1650 1448 seu
1720 1387 2059 1450 sententiae

97 1480 330 1541 bonum
389 1478 474 1539 est
532 1480 776 1558 aperire
825 1479 1060 1539 motiva
1106 1478 1207 1539 seu
1258 1479 1682 1551 fundamenta,
1739 1491 1805 1538 ut
1852 1477 2059 1538 secun-

96 1569 242 1630 dum
288 1567 552 1648 ipsorum
598 1569 844 1648 pondus
880 1581 943 1628 et
976 1568 1101 1647 ipsa
1147 1568 1445 1628 sententia
1477 1568 1881 1647 ponderetur.
1943 1567 2055 1628 Et-

98 1659 259 1720 enim
306 1679 505 1738 nuper
553 1659 610 1717 in
644 1658 769 1718 XII.
802 1656 1151 1718 Bafileenfis
1202 1656 1432 1719 concilii
1481 1656 1732 1718 sessione
1773 1658 2061 1717 videntur

98 1749 178 1809 ad
237 1748 585 1827 hujusmodi
643 1747 983 1807 sententiae
1043 1748 1437 1809 assertionem
1497 1748 1613 1807 tria
1659 1746 2060 1807 fundamenta

97 1838 456 1917 comperisse
517 1850 580 1898 et
638 1850 893 1917 reperta
951 1835 1387 1918 promulgasse.
1489 1838 1526 1896 Ι.
1575 1838 2059 1911 fundamentum,
2133 1896 2137 1898 Α

97 1929 239 2008 quia
287 1926 568 2001 Christus,
617 1928 909 2007 inquiunt,
952 1927 1112 1994 ,deus
1163 1927 1379 1995 noster,
1429 1948 1564 1986 cum
1612 1927 1670 1986 in
1716 1925 2060 2005 Jerusalem

95 2029 411 2098 pergeret,
440 2036 597 2096 opus
625 2015 866 2077 nostrae
892 2017 1340 2096 redemptionis
1367 2014 1726 2096 impleturus
1754 2029 1818 2076 et
1841 2017 2058 2076 Petrus

97 2127 237 2167 eum
283 2106 620 2185 prohibere
668 2105 874 2179 vellet,
924 2107 1306 2186 compescuit
1354 2105 1542 2185 ipsum
1590 2107 1830 2166 dicens:
1878 2106 2058 2166 Vade

95 2195 230 2276 post
275 2217 392 2270 me,
440 2195 737 2270 Sathana,
786 2194 1135 2256 scandalum
1183 2196 1325 2256 mihi
1374 2216 1458 2270 eS,
1519 2196 1662 2276 quia
1710 2216 1835 2256 non
1883 2195 2057 2275 sapiS,

96 2306 258 2366 quae
307 2285 407 2345 dei
453 2285 613 2359 sunt,
671 2285 774 2346 sed
822 2306 983 2367 quae
1031 2285 1364 2346 hominum.
1456 2285 1551 2345 Ex
1599 2305 1723 2366 quo
1772 2286 2060 2346 videntur

10 2383 15 2458 j
95 2372 256 2435 velle
306 2394 592 2455 arguere,
642 2376 812 2455 quod
858 2375 1001 2435 ficut
1046 2375 1102 2434 b.
1149 2375 1366 2436 Petrus
1417 2375 1525 2435 fuit
1573 2387 1915 2454 correptuS,
1976 2376 2060 2435 ita

98 2476 163 2524 et
194 2463 486 2524 successor
518 2463 649 2543 ejus
682 2463 862 2543 poss1t
895 2477 958 2525 et
991 2464 1220 2536 debeat
1255 2465 1496 2546 corrigi,
1545 2465 1646 2524 ubi
1681 2483 1807 2523 non
1847 2463 2058 2544 sapiat,

98 2573 259 2634 quae
307 2554 407 2613 dei
453 2552 601 2626 sunt,
649 2552 751 2614 sed
800 2571 927 2613 non
974 2552 1178 2632 potest
1210 2554 1436 2634 corrigi
1468 2551 1683 2614 melius
1719 2554 1799 2613 ab
1833 2552 2058 2633 aliquO,

24 2691 27 2694 .
99 2663 286 2723 quam
348 2663 385 2702 a
449 2641 726 2717 conciliO,
790 2643 976 2724 igitur
1035 2642 1140 2703 &c
1241 2643 1371 2703 Sed
1434 2642 1610 2722 hujus
1676 2642 2058 2703 fundamenti

98 2729 481 2792 debilitatem
527 2732 668 2793 satis
717 2733 1003 2793 admiror.
1083 2754 1103 2792 1
1125 2728 1152 2769 ⁰
1185 2733 1327 2813 quia
1358 2732 1575 2792 Petrus
1610 2745 1751 2791 tunc
1784 2732 2058 2793 nondum

100 2833 235 2882 erat
292 2842 487 2901 papa,
547 2843 662 2882 nec
719 2823 829 2882 suit
888 2823 945 2882 in
1004 2823 1131 2882 vita
1181 2821 1391 2882 Christi
1455 2821 1784 2882 secundum
1840 2820 2058 2881 statum

99 2909 516 2991 praesentem,
575 2911 678 2972 sed
725 2911 862 2991 post
907 2909 1447 2984 resurrectionem,
1497 2933 1634 2971 cum
1681 2910 1782 2971 fibi
1830 2908 2058 2971 distum

100 2999 211 3061 est:
269 3001 461 3061 Pasce
510 3020 662 3062 oves
710 3022 901 3075 meaS,
965 3014 1028 3061 et
1076 3001 1113 3060 fi
1161 3021 1277 3080 per
1325 3014 1511 3062 antea
1557 2999 1733 3079 hujus
1781 2999 2056 3079 pastora—

101 3100 198 3150 tus
245 3087 582 3152 amstoritas
630 3088 709 3150 illi
757 3091 951 3151 suisset
997 3090 1300 3170 promissa.
1378 3086 1449 3149 2⁰
1497 3091 1639 3170 quia
1687 3089 1875 3149 etiam
1921 3088 2057 3168 sup-

101 3178 328 3257 posito,
387 3180 556 3260 quod
604 3193 747 3240 tunc
795 3180 943 3239 esset
989 3201 1175 3240 verus
1222 3200 1417 3259 papa,
1473 3180 1676 3258 potuit
1713 3176 1973 3257 juridice
2021 3198 2059 3238 a

105 3265 337 3331 Christo
386 3269 610 3352 corrigi
657 3269 799 3329 ficut
845 3269 1103 3329 vicarius
1169 3289 1206 3329 a
1264 3266 1596 3348 principali,
1660 3279 1725 3327 et
1784 3264 2057 3328 officialis

103 3377 141 3416 a
199 3357 466 3418 domino.
569 3359 715 3418 Non
775 3370 984 3418 autem
1041 3358 1115 3418 fic
1174 3356 1259 3418 est
1316 3358 1394 3418 de
1455 3357 1714 3418 conciIio
1775 3354 2056 3437 respeeftu

103 3466 325 3526 papae.
387 3446 532 3507 Non
566 3449 728 3509 enim
761 3445 1078 3508 concilium
1110 3448 1219 3507 dat
1252 3448 1372 3507 esse
1405 3466 1629 3525 papae,
1661 3445 1766 3527 sed
1800 3458 2057 3507 econtra

103 3556 272 3615 papa
320 3534 636 3596 concilium
685 3550 992 3598 convocat
1041 3550 1104 3596 et
1152 3536 1292 3598 facit
1339 3535 1526 3614 ipsum
1590 3536 2055 3615 quodammodo
