2352 3808
1191 107 1263 162 56

250 286 404 348 lum!
473 286 635 345 Ecce
687 308 844 346 nunc
890 287 972 345 ad
1021 298 1232 345 nutum
1279 287 1443 347 Petri
1491 288 1673 347 divini
1719 288 1893 347 verbi
1941 287 2208 349 claustra

247 377 604 456 patescunt!
696 375 959 454 Accepit
1007 375 1168 433 enim
1216 396 1254 434 a
1303 375 1536 436 Christo
1586 375 1790 436 claves
1838 378 2015 458 regni
2061 398 2206 438 coe-

247 463 463 537 lorum,
512 477 579 523 ut
625 462 831 524 solutis
880 462 1130 522 vinculis
1179 461 1545 524 deliGtorum
1593 466 1866 544 aperiret
1899 467 2204 526 credenti-

246 554 361 614 bus
411 551 665 613 coelum.
744 553 921 612 Haec
968 550 1080 611 ille.
1150 552 1245 610 Ex
1293 552 1509 632 quibus
1556 555 1761 613 verbis
1809 553 1956 613 satis.
1996 553 2205 628 claret,

247 638 653 722 Augustinum
715 641 789 699 fic
850 638 1011 699 velle
1073 639 1241 720 loqui
1305 641 1383 700 de
1438 642 1624 700 Petro
1688 655 1755 701 ut
1818 643 1896 701 de
1945 642 2208 721 persona

247 729 615 810 particulari,
679 749 805 789 non
867 742 933 788 ut
995 730 1074 788 de
1140 727 1388 788 ecclesia
1449 729 1781 789 universali.
1882 731 1982 790 Sic
2045 732 2208 792 enim

249 818 453 898 aliq’ua
485 839 563 877 ex
594 817 684 876 his
717 819 923 890 Petro,
971 839 1132 897 quae
1167 836 1293 876 non
1327 816 1455 877 aliis
1490 820 1878 892 conveniunt,
1926 833 1993 879 ut
2032 818 2205 881 illud:

248 907 541 987 plebeum
589 907 982 985 piscatorem,
1032 908 1173 986 quia
1220 905 1318 965 alii
1365 925 1489 965 non
1538 907 1783 967 fuerunt
1825 928 2041 968 omnes
2074 907 2207 987 ple-

248 997 348 1056 bei
396 1017 510 1055 nec
556 997 933 1075 piscatores;
983 996 1131 1054 item
1178 993 1351 1054 illud:
1402 995 1820 1074 apostolorum
1852 997 2207 1076 principem,

250 1086 391 1165 quia
439 1106 565 1145 non
615 1105 833 1144 omnes
882 1085 1127 1162 possunt
1176 1084 1296 1142 esse
1344 1085 1668 1162 principes,
1725 1086 1867 1164 quia
1916 1098 1979 1144 et
2025 1086 2063 1144 fi
2111 1084 2208 1145 alii

250 1172 510 1252 apostoli
558 1174 864 1252 principes
910 1173 1172 1245 fuerunt,
1221 1191 1347 1231 non
1379 1185 1590 1232 tamen
1621 1174 1926 1252 principes
1961 1174 2207 1252 aposto-
2298 1216 2304 1221 -

248 1261 466 1334 lorum,
515 1263 657 1342 quia
702 1262 776 1320 fic
824 1283 978 1320 unus
1014 1262 1162 1320 esset
1195 1262 1482 1340 princeps
1517 1259 1785 1335 alteriUS,
1835 1276 1898 1322 et
1932 1275 2207 1334 econtra,

250 1352 420 1431 quod
485 1352 634 1410 esset
697 1351 961 1409 confufio
1025 1363 1089 1409 et
1150 1371 1274 1410 non
1324 1351 1499 1410 ordo.
1591 1351 1673 1410 Et
1721 1372 1798 1410 ex
1844 1351 1963 1410 hoc
2009 1351 2206 1412 verbo

248 1441 534 1519 princeps
582 1439 720 1499 satis
770 1440 1033 1498 innuitur
1078 1439 1374 1499 habitudo
1422 1440 1584 1498 Petri
1632 1440 1711 1499 ad
1760 1436 1912 1499 alios
1961 1440 2208 1519 aposto-

250 1528 378 1606 los;
438 1529 724 1607 princeps
775 1529 937 1587 enim
985 1528 1282 1606 importat
1329 1528 1634 1588 rationem
1681 1529 1983 1607 principii3
2042 1529 2207 1607 prin·
2260 1575 2266 1580 .

251 1618 471 1696 cipium
518 1630 727 1676 autem
775 1617 1070 1695 importat
1117 1617 1423 1675 rationem
1469 1617 1724 1676 influxus
1774 1630 1838 1676 et
1885 1616 2207 1676 causalita-
2297 1638 2303 1643 ’

250 1707 341 1765 tis,
391 1706 671 1784 Oportet
704 1723 862 1785 ergo
912 1702 1276 1786 intelligere,
1324 1705 1573 1765 Petrum
1619 1705 1853 1765 habere
1901 1706 2210 1766 rationem

250 1795 525 1874 principii
588 1795 889 1853 influentis
955 1806 1018 1852 et
1081 1794 1386 1852 causantis
1451 1792 1676 1873 aliquid
1747 1795 1804 1852 in
1875 1793 2207 1872 apostolOS,

252 1884 421 1963 quod
469 1902 596 1942 non
645 1883 794 1942 esset
841 1882 907 1954 fi,
967 1894 1033 1940 ut
1080 1881 1163 1940 isti
1210 1881 1455 1953 volunt,
1516 1903 1732 1941 omnes
1793 1882 2050 1961 apostoli
2097 1884 2206 1942 im-

251 1973 521 2032 mediate
554 1992 730 2031 suam
763 1969 1195 2031 auftoritatem
1228 1970 1533 2030 haberent
1565 1992 1603 2030 a
1637 1971 1885 2031 Christo.
1917 1971 2018 2030 Sic
2050 1972 2212 2030 enim

250 2062 468 2121 Petrus
519 2074 655 2120 erat
703 2080 920 2120 eorum
968 2060 1160 2119 frater
1193 2072 1256 2118 et
1288 2059 1498 2132 socius,
1547 2080 1673 2120 non
1705 2061 2006 2138 princeps,
2056 2060 2212 2120 Item

253 2148 426 2209 illud:
487 2150 697 2230 regnis
758 2148 1040 2208 omnibus
1102 2149 1438 2226 imperare,
1500 2150 1641 2228 quia
1704 2147 1800 2207 alii
1858 2147 2048 2208 solum
2109 2149 2210 2208 uni

252 2259 454 2320 regno
502 2238 602 2298 vel
651 2237 1006 2316 provinciae
1055 2237 1362 2315 imperare
1410 2237 1659 2309 habent,
1708 2236 1830 2315 ipse
1878 2257 2031 2297 vero
2074 2257 2208 2297 om-

254 2328 444 2387 nibus.
532 2327 762 2403 Quodfi
811 2327 1046 2386 dicatur
1094 2326 1214 2384 esse
1264 2324 1605 2405 aequaliter
1650 2326 1956 2405 principes
2005 2326 2210 2385 mundi

254 2429 319 2476 et
364 2437 480 2494 per
535 2416 856 2474 indivisum
919 2414 1200 2474 omnibus
1263 2415 1472 2495 regnis
1537 2415 1862 2493 imperare,
1924 2414 2212 2494 sequetur

254 2504 522 2565 confusio
570 2505 1020 2583 principatuum
1068 2516 1131 2562 et
1177 2502 1427 2582 pesfima
1476 2503 1641 2563 orbis
1690 2503 1954 2564 confusio
2002 2502 2209 2562 secun-

253 2594 399 2653 dum
446 2591 664 2671 philos,
713 2593 743 2652 i.
791 2591 891 2652 ult.
940 2592 1208 2671 metaph.
1285 2592 1438 2651 Item
1485 2590 1658 2651 illud:
1707 2592 1998 2651 mundum
2045 2592 2208 2651 frae-

254 2703 405 2741 nare
453 2680 696 2762 legibus
746 2686 888 2761 quia
934 2681 1123 2740 ceteri
1170 2675 1689 2761 fingulas‘partes
1723 2681 1945 2750 mundi,
1991 2681 2209 2739 Petrus

251 2770 443 2849 ipsum
475 2770 816 2829 universum
850 2770 1138 2829 fraenare
1171 2769 1376 2828 habet.
1438 2768 1728 2829 Similiter
1760 2769 1980 2828 adduci
2011 2769 2211 2847 posset

254 2871 474 2918 contra
532 2857 919 2937 praedi&am
977 2856 1424 2918 conclusionem
1471 2858 1630 2917 XIV.
1689 2855 1833 2917 illud
1890 2856 2208 2937 Augustini

254 2948 313 3006 in
363 2946 483 3006 alio
531 2947 839 3008 Sermone
888 2948 966 3006 de
1017 2945 1326 3025 apostoliS,
1376 2947 1477 3025 qui
1525 2947 1759 3024 incipit:
1807 2946 1979 3005 Istum
2028 2945 2206 3003 nobis

255 3037 445 3109 diem,
506 3036 606 3095 ubi
664 3036 739 3095 fic
795 3036 1088 3095 habetur:
1149 3036 1224 3094 D.
1271 3034 1436 3113 Jesus
1496 3033 1827 3113 discipulos
1874 3033 2012 3093 suos
2061 3045 2207 3092 ante

253 3124 591 3203 pasfionem
637 3124 802 3184 suam
849 3125 990 3183 sicut
1038 3124 1219 3184 nostis
1269 3122 1477 3203 elegit,
1526 3143 1683 3202 quos
1732 3119 2064 3200 apostolos>
2097 3141 2207 3200 ap-

255 3210 535 3291 pellavit,
594 3214 753 3273 inter
811 3232 966 3294 quos
1028 3233 1231 3290 paene
1279 3212 1503 3291 ubique
1550 3212 1765 3271 Petrus
1812 3209 1969 3269 solus
2018 3210 2207 3268 totius

257 3298 541 3360 ecclesiae
589 3302 810 3361 meruit
855 3301 1097 3384 gestare
1145 3299 1487 3379 personam,
1533 3313 1796 3378 propter
1826 3318 2012 3377 quam
2046 3298 2208 3356 enim

254 3388 597 3469 personam,
645 3411 829 3469 quam
876 3391 1063 3450 totius
1114 3388 1397 3449 ecclefiae
1444 3387 1603 3449 solus
1649 3386 1946 3469 gestabat,
1996 3386 2206 3445 audire

254 3477 505 3537 meruit:
564 3477 703 3536 Tibi
762 3479 927 3538 dabo
992 3476 1196 3537 claves
1257 3478 1436 3558 regni
1495 3473 1812 3536 coelorum
1871 3474 1977 3534 &e
2069 3474 2204 3532 Has
