2352 3808
1035 156 1106 212 65

69 337 399 418 ·petit.vel
450 337 909 410 antecedenter,
959 350 1024 396 ut
1073 358 1208 395 cum
1239 335 1456 409 statuit,
1505 335 1675 414 quod
1709 332 1941 393 electus
1976 354 2053 393 eo

0 421 19 460 ’·
98 425 263 488 facto
323 428 554 488 habeat
611 425 776 485 suam
843 424 1280 485 auctoritatem
1341 423 1440 484 vel
1501 445 1686 504 quam
1743 423 1845 483 fibi
1903 423 2055 482 dare

96 516 375 578 voluerit.
467 516 672 595 Super
720 537 905 596 quem
953 529 1162 574 tamen
1212 535 1336 575 non
1385 514 1575 574 habet
1623 512 1747 593 ipsa
1781 531 2054 572 commu-

99 607 256 667 nitas
303 606 671 686 potestatem
721 605 1100 686 corrigendi,
1161 605 1519 683 deponendi
1565 601 1665 663 vel
1722 602 2057 676 occidendi,

97 695 202 756 sed
248 708 315 756 ut
346 692 730 774 praedictum
765 694 863 767 est,
913 695 1104 754 debet
1137 695 1370 753 habere
1405 715 1721 753 recursum
1755 693 1834 752 ad
1867 691 2056 772 ipsum

100 786 414 846 dominum
462 783 877 864 principalem.
971 784 1091 861 Qui
1139 783 1194 855 si,
1244 805 1369 844 non
1419 783 1698 844 obstante
1748 781 2060 842 evidentia

99 874 239 935 mali
287 875 599 955 regiminis
641 873 741 936 vel
777 875 964 933 etiam
998 871 1385 954 malignitate
1419 873 1785 952 proditionis
1821 885 1885 932 et
1917 870 2058 930 fidei

98 962 464 1037 violationiS,
512 961 660 1023 velit
709 962 898 1023 talem
945 963 1074 1042 pati
1122 963 1426 1035 vicarium,
1475 963 1666 1022 debet
1714 962 1900 1021 etiarn
1934 959 2058 1039 ipsa

103 1054 508 1113 communitas
558 1051 723 1112 illum
770 1054 916 1132 pati,
965 1053 1171 1132 potius
1222 1074 1406 1132 quam
1440 1053 1684 1112 mittere
1719 1072 1966 1110 manum
2000 1050 2057 1108 in

100 1143 349 1203 messem
407 1142 687 1215 alienam,
748 1144 804 1201 in
855 1143 1168 1202 hominem
1231 1141 1350 1201 scil.
1407 1163 1531 1202 non
1597 1141 1737 1202 suae
1776 1139 2057 1219 jurisdic-

99 1231 633 1312 tioni‘subjectum.
697 1232 886 1309 Quod
927 1232 963 1290 si
999 1230 1212 1311 aliquis
1248 1228 1426 1306 dicat,
1476 1232 1646 1311 quod
1679 1231 1826 1291 istud
1859 1230 2060 1309 posset

99 1321 248 1396 fieri,
295 1322 332 1382 fi
383 1322 647 1382 Christus
697 1323 846 1381 esset
893 1320 1182 1400 praesens
1233 1319 1659 1400 corporaliter,
1707 1321 1930 1391 videat,
1980 1339 2058 1378 ne

102 1410 264 1471 illum
313 1413 495 1472 faciat
543 1412 906 1471 mendacem
955 1412 1055 1490 qui
1103 1411 1280 1470 dixit:
1344 1411 1505 1470 Ecce
1566 1430 1693 1492 ego
1741 1410 2060 1470 vobiscum

102 1523 297 1582 usque
347 1503 426 1562 ad
474 1501 1072 1562 consummationem
1104 1499 1336 1560 saeculi.
1405 1501 1487 1559 Et
1519 1500 1555 1558 fi
1606 1501 1767 1559 enim
1816 1499 1874 1558 in
1923 1496 2059 1558 altis

102 1591 355 1666 habitat,
419 1604 627 1651 tamen
676 1590 922 1651 humilia
970 1591 1239 1670 respicit,
1305 1591 1510 1650 omnia
1558 1590 1790 1663 videnS,
1855 1588 2062 1649 omnia

105 1681 378 1754 audienS,
426 1682 631 1741 omnia
665 1694 1093 1760 prospectans
1164 1680 1246 1740 Et
1278 1680 1420 1739 ficut
1455 1678 1818 1739 invisibiliter
1851 1690 2062 1737 manet

105 1792 300 1851 usque
334 1771 414 1830 ad
447 1784 711 1850 tempuS,
760 1771 844 1830 ita
876 1768 1240 1830 invisibiliter
1274 1783 1601 1848 operatur;
1650 1782 1713 1829 et
1747 1788 1826 1828 eo
1861 1769 2061 1850 magis

108 1860 189 1920 ad
245 1860 430 1940 ipsum
489 1861 704 1920 haberi
763 1860 1034 1921 recursus
1083 1860 1286 1939 potest
1333 1879 1458 1940 quo
1508 1860 1588 1919 ad
1635 1859 1755 1919 hoc
1802 1877 1928 1917 ωοη
1977 1858 2064 1916 in-

108 1950 391 2032 digemus
451 1942 623 2010 motu
684 1950 888 2011 nostro
950 1949 1288 2029 corporali,
1356 1949 1460 2009 sed
1519 1962 1757 2009 tantum
1817 1945 2067 2007 mentali

108 2039 228 2100 fine
277 2038 496 2100 labore
556 2053 620 2100 et
679 2041 973 2120 impensa.
1069 2041 1495 2100 Communitas
1546 2059 1704 2121 ergo
1754 2038 2069 2099 hominum

110 2129 166 2189 in
211 2130 483 2203 -cafibuS,
544 2131 645 2210 qui
704 2143 903 2191 totam
952 2128 1264 2190 ecclesiam
1311 2129 1832 2212 tangunt,‘prius
1881 2126 2069 2207 ipsum

107 2239 340 2299 papam
398 2218 656 2294 avisare,
717 2221 1051 2281 informare
1112 2233 1176 2279 et
1236 2240 1497 2280 exorare
1554 2219 1771 2293 habet,
1836 2235 1960 2277 non
2010 2217 2069 2276 in

110 2308 299 2387 ipsum
346 2310 675 2369 temerarie
710 2331 957 2370 manum
989 2307 1088 2370 vel
1137 2308 1410 2392 linguam
1459 2311 1799 2388 imponere,
1847 2319 2068 2387 utpote

111 2397 167 2457 in
227 2418 412 2477 quem
472 2397 698 2458 nullam
746 2397 1243 2479 jurisdictionem
1301 2400 1508 2459 habet.
1611 2399 1695 2457 Et
1753 2397 1896 2457 ideo
1958 2396 2067 2456 ad-

110 2500 359 2547 vertant
407 2488 507 2567 qui
565 2489 797 2563 dicunt,
858 2490 1027 2569 quod
1075 2510 1243 2568 papa
1290 2510 1405 2569 per
1454 2487 1826 2549 electionem
1875 2484 2070 2546 eccle-

110 2575 228 2636 fiae
276 2576 441 2636 suam
499 2576 744 2638 sortitur
802 2576 1253 2638 auctoritatem.
1346 2579 1412 2639 Si
1461 2579 1622 2638 enim
1668 2575 1749 2636 lit.
1798 2597 1913 2655 per
1961 2577 2069 2635 im-

110 2678 324 2746 portat
358 2664 786 2740 causalitatem,
836 2665 1043 2728 falsum
1085 2668 1200 2746 est3
1249 2669 1287 2728 fi
1321 2689 1474 2729 vero
1510 2665 2071 2738 concomitantiam,

110 2776 324 2815 verum
390 2755 489 2830 est,
553 2758 693 2837 quia
757 2757 831 2817 fic
894 2755 1127 2817 elestus
1191 2758 1395 2818 divina
1457 2755 1601 2839 lege
1666 2776 1744 2816 eo
1810 2752 1977 2815 fa&o
2036 2774 2073 2813 a

113 2844 347 2905 Christo
381 2844 674 2906 summam
706 2846 840 2926 post
872 2846 1061 2927 ipsum
1094 2847 1339 2908 sortitur
1371 2847 1760 2927 potestatem,
1795 2858 1862 2904 ut
1895 2843 2072 2924 supra

111 2933 338 2995 dictum
387 2935 471 2995 est
518 2936 590 2994 in'
623 2936 685 2996 II.
735 2935 1131 2997 conclusione.
1193 2938 1274 2996 Et
1323 2938 1492 3017 quod
1540 2936 1695 2995 haec
1739 2932 1956 2995 solutio
2006 2933 2073 2991 fit

113 3024 300 3085 etiam
346 3025 425 3085 de
475 3038 684 3086 mente
732 3048 776 3086 S·
823 3026 1126 3099 Thomae,
1177 3027 1278 3106 qui
1326 3045 1444 3105 pro
1493 3037 1870 3106 argumento
1921 3020 2069 3081 alle-

113 3126 296 3195 gatus
345 3114 444 3188 est,
492 3127 670 3194 patet
710 3137 824 3196 per
858 3114 1002 3196 illud
1035 3117 1204 3196 quod
1236 3108 1443 3175 scribit
1475 3114 1655 3194 supra
1689 3114 1784 3172 IV.
1817 3112 2072 3172 sentent.

115 3201 235 3262 dist.
280 3204 444 3264 XIX.
493 3226 588 3285 qu.
621 3206 682 3265 II.
730 3219 840 3266 art.
887 3205 949 3265 II.
997 3206 1077 3265 ad
1125 3206 1209 3264 III.
1259 3226 1354 3286 qu.
1404 3206 1484 3264 ad
1530 3205 1609 3276 II.,
1658 3202 1760 3261 ubi
1808 3202 1887 3261 de
1936 3221 2072 3262 cor-

115 3288 391 3353 reffi‘tione
452 3294 724 3354 fraterna
782 3293 1045 3375 loquens
1105 3295 1185 3354 ad
1246 3293 1513 3355 nostrum
1561 3291 1944 3371 propofitum
1993 3291 2072 3351 de

115 3378 409 3460 praelatis
473 3383 640 3458 dicit,
719 3385 888 3464 quod
963 3384 1212 3463 quando
1289 3381 1608 3462 praelatus
1683 3400 1809 3440 non
1882 3380 2074 3440 habet

115 3469 493 3550 superiorem
556 3487 620 3533 et
683 3493 808 3534 non
871 3473 1204 3553 acquiescit
1276 3468 1680 3532 correctioni.
1716 3471 2072 3531 caritativae

115 3559 234 3619 five
283 3556 710 3636 admonitioni,
771 3562 962 3622 debet
1009 3559 1544 3621 haberi-recursus
1594 3560 1674 3620 ad
1734 3561 1946 3633 deum,
2011 3571 2076 3618 ut

167 3667 169 3671 '
203 3666 505 3705 Turrenremata.
