2352 3808
1185 139 1256 191 20

245 316 443 396 magis
490 313 765 374 standum
799 313 899 389 est,
947 313 1304 392 praesertim
1352 335 1487 373 cum
1524 334 1741 375 eorum
1787 313 2022 395 glossae
2068 335 2194 376 non

245 403 346 464 illa
393 403 702 464 abducant
735 424 772 462 a
805 402 1011 462 nostro
1060 402 1402 482 propofitO,
1449 402 1552 462 sed
1585 404 1665 462 ad
1710 403 1872 462 idem
1919 401 2021 464 illa
2069 417 2192 464 tra-

245 494 395 554 hant
442 506 506 552 et
554 493 878 566 adducant,
926 505 993 551 ut
1040 493 1194 551 infra
1241 492 1494 570 patebit.
1574 493 1727 551 Item
1775 505 1994 552 contra
2038 492 2196 553 hanc

246 580 692 643 conclusionem
723 582 967 641 videtur
1014 582 1134 640 esse
1175 580 1372 662 glossa
1418 580 1596 660 super
1635 578 1800 641 dieto
1835 603 1880 640 e.
1913 581 1978 641 Si
2009 601 2194 662 papa,

245 693 406 753 quae
453 672 616 744 dicit,
673 671 843 750 quod
890 690 1059 749 papa
1104 668 1308 750 potest
1353 669 1615 729 accusari
1663 683 1726 729 et
1763 669 2022 748 judicari
2070 690 2195 732 non

244 760 435 822 solum
482 761 562 819 de
610 760 748 832 fide,
803 759 907 819 sed
955 760 1033 819 de
1083 758 1204 819 alio
1255 759 1518 832 crimine,
1573 759 1612 818 fi
1659 759 1726 818 s1t
1774 760 2084 826 notorium
2131 772 2196 820 et

246 849 367 930 ipse
394 850 461 909 fit
486 862 819 909 contumax
852 862 915 908 et
948 847 1386 930 incorrigibiliS.
1433 848 1562 908 Sed
1590 849 1760 928 quod
1792 849 1927 908 huic
1957 847 2194 930 glossae

245 960 371 1000 non
429 939 496 998 fit
553 937 807 998 multum
866 938 1287 1011 deferendum,
1352 950 1616 1016 apparet
1673 938 1872 1016 primo
1933 959 2010 998 ex
2067 936 2193 1016 ipso

245 1029 436 1089 modo
496 1026 816 1107 loquendi,
878 1028 1019 1106 quia
1076 1027 1247 1086 dicit:
1308 1027 1525 1099 credO,
1593 1048 1670 1086 ex
1727 1046 1852 1106 quo
1912 1039 2193 1106 apparet,

245 1119 414 1198 quod
460 1115 763 1198 glossator
795 1136 920 1176 non
969 1116 1243 1189 intendit,
1293 1116 1462 1196 quod
1508 1114 1674 1174 suum
1721 1113 1948 1175 dictum
1985 1116 2052 1176 fit
2083 1136 2192 1176 ne-

245 1207 584 1279 cessarium,
648 1205 750 1265 sed
809 1204 1097 1265 credibile
1161 1204 1259 1265 vel
1321 1203 1661 1284 opinabile3
1725 1217 1788 1264 et
1845 1218 2193 1283 praeterea,

245 1297 387 1376 quia
435 1308 651 1354 contra
698 1295 855 1354 hanc
900 1294 1161 1376 glossam
1208 1294 1339 1353 sunt
1386 1293 1543 1353 aliae
1591 1292 1843 1375 glossae,
1891 1306 1956 1353 ut
1992 1292 2097 1354 ista
2135 1293 2192 1353 in
2250 1284 2272 1297 ²

245 1407 290 1444 c,
323 1383 653 1444 Mandastis
686 1384 747 1443 II.
781 1406 877 1463 qu.
910 1384 997 1455 V„
1047 1404 1206 1463 quae
1241 1385 1396 1457 dicit,
1431 1383 1600 1463 quod
1632 1403 1800 1462 papa
1834 1402 1960 1442 non
1991 1381 2196 1462 potest

244 1474 324 1533 ab
372 1472 576 1553 aliquo
617 1472 892 1550 judicari,
943 1494 1145 1553 neque
1195 1474 1383 1533 etiam
1429 1473 1508 1531 ab
1557 1470 1873 1531 universali
1921 1470 2192 1534 concilio.

242 1563 395 1622 Item
454 1561 573 1622 alia
618 1560 815 1643 glossa
863 1562 920 1621 in
970 1585 1014 1621 C.
1062 1563 1267 1622 Nemo
1316 1563 1560 1641 Iquu.
1607 1561 1692 1620 III.
1739 1561 1917 1641 super
1962 1561 2190 1622 verbo:

244 1652 345 1711 Ab
380 1651 544 1712 omni
592 1649 776 1725 clerO,
826 1672 985 1731 quae
1034 1652 1175 1711 dicit
1210 1652 1304 1710 hic
1338 1664 1791 1732 argumentum,
1840 1651 2009 1731 quod
2042 1668 2190 1710 con-

244 1739 438 1800 cilium
487 1761 612 1800 non
667 1740 869 1819 potest
925 1762 1156 1820 papam
1200 1740 1497 1820 judicare,
1556 1753 1622 1800 ut
1682 1753 1831 1800 extr.
1879 1741 1958 1800 de
2017 1737 2192 1800 ele&

242 1828 613 1911 Significasti.
705 1830 885 1889 Unde
934 1830 971 1888 s1
1030 1843 1199 1890 totus
1256 1830 1515 1889 mundus
1534 1829 1811 1897 ‚sentiret
1868 1829 1926 1889 in
1986 1827 2190 1909 aliquo

244 1919 505 2000 negotio
556 1930 773 1977 contra
820 1939 1066 1997 papam,
1114 1920 1356 1979 videtur
1397 1918 1734 1978 sententiae
1781 1939 1988 1998 papae
2034 1917 2190 1978 stan-

243 2008 389 2067 dum
437 2008 574 2081 esse,
623 2021 689 2067 ut
735 2008 957 2068 XXIV.
991 2030 1086 2088 qu,
1119 2008 1155 2067 Ι.
1205 2009 1358 2068 haec
1406 2006 1490 2067 est
1536 2007 1704 2067 fides.
1773 2007 1951 2068 Haec
1995 2005 2194 2089 glossa

242 2094 577 2176 praedicta.
668 2097 763 2156 Ex
826 2119 948 2177 qua
1010 2098 1195 2156 etiam
1256 2095 1454 2178 glossa
1511 2110 1705 2176 patet,
1768 2096 1938 2177 quod
1993 2097 2190 2156 inten-

243 2186 329 2246 tio
401 2186 764 2263 Hieronymi
833 2185 1158 2246 secundum
1235 2185 1653 2268 glossatorem,
1729 2186 1980 2266 quando
2050 2186 2192 2246 dicit

243 2276 301 2333 in
360 2296 405 2333 e.
467 2273 902 2356 praeallegato
967 2276 1067 2335 ubi
1132 2276 1375 2335 dicitur:
1445 2274 1509 2335 Si
1580 2288 1787 2335 autem
1858 2274 2013 2335 haec
2075 2293 2188 2334 no—

242 2363 359 2423 stra
407 2363 694 2423 consessio
755 2362 1132 2443 apostolatus
1189 2365 1273 2424 tui
1329 2365 1789 2443 comprobetur,
1849 2365 2189 2445 quicunque

241 2473 341 2512 me
389 2451 637 2532 culpare
685 2452 977 2526 voluerit,
1037 2453 1094 2514 se
1143 2453 1522 2513 haereticum
1581 2453 2013 2532 comprobabit
2060 2466 2188 2526 ete,

243 2542 528 2615 intentiO,
599 2542 873 2621 inquam,
945 2543 1308 2620 Hieronymi
1370 2543 1463 2615 s1t,
1533 2543 1701 2623 quod
1771 2564 1886 2622 per
1948 2540 2188 2603 literam

243 2632 650 2711 „quicunque“
701 2652 825 2692 non
874 2630 1253 2713 intelligatur
1306 2631 1571 2710 persona
1623 2629 2004 2710 particularis
2051 2644 2186 2692 tan-

241 2733 393 2794 turn,
447 2719 551 2779 sed
599 2720 785 2780 etiam
833 2721 1247 2802 congregatio
1296 2719 1645 2781 universalis
1691 2741 1807 2800 per
1852 2720 1973 2780 hoc
2019 2721 2187 2801 quod

241 2809 380 2869 dicit
440 2821 642 2882 „totus
701 2810 960 2869 mundus
977 2817 1023 2883 ,“
1084 2823 1148 2869 et
1203 2831 1240 2869 a
1298 2810 1537 2870 fortiori
1596 2823 1796 2870 toturn
1853 2807 2185 2883 concilium,

241 2898 410 2979 quod
443 2916 567 2956 non
600 2897 684 2957 est
716 2911 884 2959 totus
918 2899 1195 2972 mundus,
1233 2898 1331 2957 nis]
1365 2899 1614 2959 fortasse
1647 2897 2184 2979 repraesentative.

239 2987 339 3047 Sic
397 2986 581 3068 igitur
627 2998 828 3065 patet,
888 2988 1057 3067 quod
1104 2988 1142 3047 fi
1191 2986 1331 3047 istae
1390 2987 1626 3069 glossae
1682 2987 1812 3047 sunt
1870 2986 2183 3065 cujusdam

240 3076 303 3148 (f.
329 3074 637 3154 ejusdem]
669 3074 1038 3156 glossatoris,
1072 3076 1193 3156 ipse
1227 3077 1588 3136 contradicit
1620 3075 1841 3155 fibiipfi.
1893 3075 1976 3135 Et
2006 3072 2182 3153 hujus

240 3161 739 3224 contradictionis
788 3165 985 3246 magis
1035 3165 1337 3244 capienda
1370 3164 1454 3225 est
1485 3164 1588 3225 ista
1621 3185 1785 3244 parS,
1833 3184 2017 3244 quam
2051 3162 2180 3224 sae-

239 3251 373 3330 pius
421 3251 692 3330 replicat,
740 3254 881 3333 quia
927 3253 1159 3335 fignum
1207 3253 1314 3328 est,
1364 3255 1532 3334 quod
1579 3252 1657 3313 illi
1702 3254 1901 3334 magis
1949 3252 2180 3313 adhae-

239 3352 402 3413 reat,
462 3353 527 3400 et
574 3340 658 3399 est
702 3363 847 3419 pars
907 3364 1090 3422 quam
1148 3356 1458 3415 tenemus,
1518 3356 1585 3403 ut
1630 3355 1807 3421 patet
1861 3363 1939 3402 ex
1992 3339 2180 3401 dictis.

238 3428 304 3489 Si
352 3441 559 3489 autem
606 3427 807 3490 dietae
854 3429 1089 3511 glossae
1136 3431 1268 3492 sunt
1326 3431 1700 3491 diversorum
1752 3427 2177 3511 glossatorum‚

236 3516 513 3578 standum
559 3518 952 3579 verisimiliter
1000 3519 1083 3579 est
1130 3519 1346 3599 majori
1395 3538 1670 3594 numerO,
1724 3519 1826 3598 qui
1873 3519 2014 3581 facit
2059 3538 2199 3598 pro
