2352 3808
1066 151 1136 206 25

90 331 348 394 ·XXIV.
396 353 492 414 qu.
525 331 563 392 1.
626 331 951 409 QuotienS,
999 330 1099 391 ubi
1146 329 1552 404 InnocentiuS,
1602 330 1887 410 quotiens
1935 328 2078 389 fidei

124 422 283 483 ratio
317 420 664 493 ventilatur,
713 421 982 481 arbitror
1031 438 1249 480 omnes
1300 420 1522 480 fratres
1558 432 1622 479 et
1661 419 2076 498 coepiscopos

124 510 363 572 nostros
411 509 638 571 nonnisi
688 510 768 569 ad
807 510 1056 569 Petrum
1104 510 1135 569 i.
1176 531 1226 570 e.
1273 508 1352 568 sui
1402 510 1661 570 nominis
1710 521 1775 569 et
1822 508 2076 569 honoris

125 598 559 661 au&oritatem
606 599 841 659 debere
897 599 1131 659 referre
1180 598 1369 659 veluti
1418 620 1576 659 nunc
1626 596 1832 658 retulit
1878 597 2077 658 vestra

123 686 388 761 dileetio,
439 689 609 769 quod
657 708 772 767 per
818 701 1020 748 totum
1069 689 1362 748 mundum
1409 688 1588 768 possit
1637 686 1893 748 ecclefiis
1943 707 2076 747 om-

124 779 298 840 nibus
356 778 660 858 prodesse.
755 776 1173 838 Confirmatur
1220 778 1407 838 etiam
1453 799 1571 858 per
1627 776 1887 860 glossam
1934 774 2075 838 0116ὶί

124 888 225 941 03.,
274 888 434 948 quae
466 865 686 928 volens
721 886 1050 929 removere
1084 867 1348 939 dubium,
1399 869 1540 948 quia
1572 867 1753 947 aliqui
1803 886 2075 927 canones

121 958 408 1018 videntur
463 956 685 1033 sentire
735 958 1124 1017 contrarium.
1204 957 1565 1017 Concordat
1621 955 1760 1015 illos
1815 977 1931 1036 per
1985 957 2074 1016 di-

121 1044 498 1108 stinctionem
568 1047 806 1106 dicens:
878 1046 1064 1107 Aliud
1135 1047 1256 1106 esse
1328 1046 1743 1127 quaestionem
1808 1047 1888 1106 de
1954 1045 2075 1106 fide

121 1150 357 1196 motam
415 1137 775 1209 terminare,
843 1136 1014 1217 quod
1073 1134 1214 1196 nulli
1273 1149 1716 1216 praeterquam
1775 1156 2075 1196 romanae

119 1225 241 1286 sedi
275 1224 677 1305 permittitur,
725 1226 867 1285 ficut
915 1226 1009 1285 hic
1056 1226 1300 1302 dicitur3
1351 1225 1513 1285 aliud
1562 1225 1646 1285 est
1688 1225 1808 1285 fine
1858 1224 2074 1285 diffini-

121 1315 291 1376 tione
324 1314 643 1389 ventilare,
692 1316 862 1396 quod
895 1315 1083 1375 etiam
1122 1315 1515 1394 patriarchae
1564 1316 1768 1375 facere
1816 1315 2076 1394 possunt.

118 1405 200 1464 Et
247 1404 367 1464 hoc
398 1404 614 1466 volunt
661 1404 758 1465 alii
807 1423 1094 1464 0311011οε.
1163 1404 1246 1464 Et
1277 1404 1315 1463 fi
1357 1405 1540 1476 dicaS,
1589 1405 1759 1484 quod
1806 1405 1926 1465 hoc
1972 1423 2073 1463 ca-

118 1492 377 1574 pitulum
410 1507 474 1554 et
505 1494 702 1576 glossa
737 1494 1061 1554 intendunt
1103 1492 1294 1554 solum
1327 1513 1658 1554 removere
1708 1494 2074 1553 decisionem

118 1582 259 1643 fidei
292 1584 373 1643 ab
413 1584 533 1643 hoc
564 1583 663 1643 vel
714 1582 814 1644 illo
864 1581 1168 1663 praelatO,
1218 1583 1321 1643 sed
1370 1603 1493 1643 non
1526 1605 1563 1643 a
1597 1582 1854 1643 concilio
1888 1603 2073 1662 prae-

117 1671 401 1745 latorum,
449 1673 568 1734 hoc
602 1671 686 1733 est
716 1672 1065 1734 voluntarie
1114 1671 1357 1733 dietum.
1424 1674 1646 1733 Mirum
1696 1673 1857 1732 enim
1906 1673 2071 1746 esset,

118 1763 287 1843 quod
333 1760 532 1844 glossa
577 1763 734 1823 hanc
782 1763 1215 1842 exceptionem
1264 1782 1389 1823 non
1437 1762 1735 1842 posuisset.
1800 1762 1881 1821 Et
1928 1762 2071 1822 ideo

117 1852 338 1912 eadem
386 1850 673 1912 facilitate
722 1853 1135 1913 contemnitur
1181 1853 1338 1912 haec
1386 1853 1696 1931 exceptio,
1754 1872 1876 1931 qua
1923 1871 2072 1931 pro-

116 1941 336 2014 fertur,
395 1941 755 2021 praesertim
814 1962 958 2001 cum.
1010 1943 1291 2022 expressa
1349 1939 1635 2003 dodPffina
1692 1940 1726 2000 s.
1784 1940 2072 2000 Thomae

116 2030 466 2111 oppositum
513 2044 733 2112 patere
782 2030 975 2111 possit.

809 2180 906 2240 IV.
955 2180 1381 2242 CONCLUSIO.

117 2297 281 2366 Quod
332 2298 538 2350 concilii
589 2299 909 2350 convocatio
959 2298 1029 2350 ad
1077 2298 1240 2350 solum
1288 2315 1487 2367 papam
1537 2298 1767 2367 pertinet
1817 2297 1886 2349 sic
1927 2298 2072 2365 quod

300 2373 429 2424 alias
467 2372 654 2424 nullius
694 2373 771 2425 est
811 2374 1022 2425 roboris
1061 2374 1144 2424 vel
1185 2375 1459 2426 momenti.

248 2476 426 2538 Haec
473 2478 661 2538 etiam
708 2475 1009 2539 conclusio
1059 2478 1144 2539 est
1190 2480 1270 2539 de
1320 2491 1529 2539 mente
1578 2478 1613 2538 s.
1652 2478 1958 2552 Thomae,
2006 2491 2072 2538 ut

115 2579 292 2646 patet
340 2587 417 2627 ex
463 2567 668 2627 verbis
716 2566 1049 2647 praemissis
1099 2568 1156 2626 in
1204 2569 1627 2646 praecedente
1675 2567 2072 2628 conclusione.

114 2655 197 2716 Et
254 2655 650 2717 confirmatur
708 2658 895 2716 etiam
957 2677 1072 2735 per
1130 2678 1175 2716 0.
1234 2655 1453 2738 regula
1511 2657 1696 2718 XVII.
1752 2656 1902 2730 dist,
1970 2656 2070 2715 ubi

115 2745 359 2806 dicitur:
407 2745 654 2827 Regula
700 2745 901 2806 vestra
948 2744 1143 2806 nullas
1192 2746 1384 2806 habet
1431 2747 1619 2819 vires,
1676 2767 1789 2806 nec
1836 2746 2070 2805 habere

114 2835 362 2914 poterit,
422 2857 608 2915 quum
656 2856 771 2896 nec
828 2836 908 2895 ab
957 2836 1326 2896 orthodoxis
1387 2835 1685 2915 episcopis
1744 2836 1863 2896 hoc
1922 2854 2069 2895 con-

115 2922 311 2985 cilium
358 2922 563 2985 affitum
597 2923 697 2998 est,
747 2946 860 2985 nec
900 2945 1199 2986 romanae
1249 2923 1537 2985 ecclesiae
1585 2924 1853 3007 legatus.
1882 2925 2069 2984 inter-

115 3013 254 3087 fuit,
326 3013 662 3074 canonibus
725 3014 1245 3094 praecipientibus
1309 3015 1429 3074 fine
1502 3013 1633 3093 ejus
1696 3011 2069 3074 auftoritate

116 3101 368 3163 concilia
415 3102 547 3163 fieri
581 3122 707 3162 non
741 3103 1006 3181 debere3
1056 3124 1170 3163 nec
1217 3102 1404 3163 ullum
1450 3117 1651 3164 ratum
1699 3103 1784 3163 est
1816 3116 1922 3163 aut
1950 3103 2071 3163 erit

115 3211 385 3272 unquam
444 3190 778 3263 concilium,
842 3194 1011 3272 quod
1070 3192 1203 3271 ejus
1268 3212 1390 3252 non
1455 3193 1635 3253 fuerit
1699 3189 2069 3253 auctoritate

117 3278 399 3341 fulcitum.
491 3282 610 3341 Ubi
666 3282 807 3341 dicit
853 3280 1052 3362 glossa
1097 3282 1278 3361 super
1322 3282 1519 3342 verbo
1569 3281 1840 3362 legatuS,
1899 3282 2070 3363 quod

117 3387 242 3430 non
287 3368 522 3443 sufficit,
582 3371 751 3451 quod
799 3370 866 3429 sit
914 3370 1275 3453 ibi-legatio
1331 3369 1672 3452 generaliS,
1727 3370 1831 3431 sed
1878 3371 2070 3431 debet

117 3458 238 3518 esse
300 3456 545 3540 legatus
609 3460 690 3519 ad
752 3460 872 3520 hoc
929 3458 1270 3539 specialiter
1326 3461 1675 3539 deputatus.
1745 3460 1848 3520 -Et
1907 3461 2069 3520 idem

116 3559 293 3625 patet
351 3567 466 3626 per
521 3546 712 3608 multa
761 3568 890 3627 cap.
938 3549 1163 3609 eadem
1218 3549 1508 3623 dicentia,
1566 3548 1907 3628 specialiter
1953 3568 2069 3629 per
