2352 3808
1141 112 1245 164 102

208 289 737 364 confirmarentur,
772 291 957 349 dubia
982 289 1395 349 lucidarentur
1421 303 1484 350 et
1510 290 1653 351 falsa
1679 294 2162 370 repudiarentur.

205 379 288 438 Et
334 379 477 440 ideo
528 400 654 440 non
702 377 1015 439 confidant
1063 378 1146 438 isti
1183 379 1240 437 in
1275 381 1790 461 congregatione,
1840 383 1981 461 quia
2014 401 2160 443 con-

205 469 502 550 gregatio
563 482 631 527 ut
689 467 764 526 fic
822 488 948 527 non
1008 468 1244 548 arguit,
1304 467 1600 528 Christum
1659 470 1779 529 esse
1838 471 1896 529 in
1955 471 2161 533 medio

207 576 455 635 eorum3
515 558 678 617 unde
739 569 1033 617 notanter
1091 557 1262 616 dicit:
1322 558 1380 616 in
1441 559 1687 618 nomine
1747 578 1908 619 meo,
1988 558 2162 620 Alias

208 648 370 706 enim
417 605 492 705 fic
539 646 848 725 possemus
897 646 1118 717 dicere,
1168 647 1338 725 quod
1369 646 1631 707 Christus
1679 646 1778 707 vel
1826 649 1979 708 deus
2028 662 2164 710 erat

206 737 266 795 in
323 736 530 795 medio
591 733 823 795 concilii
881 733 1268 795 sacerdotum
1327 748 1390 795 et
1447 736 1934 815 pharisaeorum,
1994 739 2163 818 quod

205 813 501 894 inierunt,
551 837 617 883 ut
662 822 860 902 Jesum
908 823 1056 884 dolo
1113 837 1402 885 tenerent
1461 838 1524 885 et
1583 826 1962 899 occiderent,
2021 828 2164 907 quia

205 913 347 973 ficut
395 913 582 973 hodie
631 914 908 991 episcopi
957 926 1021 973 et
1057 911 1319 995 religiofi
1354 915 1723 996 congregati
1756 915 1981 975 faciunt
2014 936 2161 976 con-

206 1001 418 1074 cilium,
453 1002 622 1082 quod
654 1001 1083 1080 repraesentat
1117 1001 1429 1062 ecclesiam
1462 1003 1854 1077 christianam,
1902 1005 1987 1064 ita
2018 1018 2163 1066 tunc

203 1091 558 1152 sacerdotes
594 1104 657 1151 et
697 1090 996 1169 pharisaei
1045 1093 1416 1172 congregati
1464 1091 2014 1171 repraesentabant
2060 1115 2160 1154 ec-

206 1179 444 1240 clefiam
507 1179 886 1261 synagogae.
993 1181 1074 1240 Et
1139 1182 1280 1241 ideo
1345 1181 1383 1240 fi
1443 1181 1629 1242 hodie
1693 1195 2164 1264 congregentur

207 1289 425 1328 omnes
475 1270 752 1348 episcopi
802 1283 865 1328 et
912 1268 1176 1351 religiofi
1214 1283 1432 1330 contra
1464 1271 1752 1330 vicarium
1783 1271 1916 1349 Jesu
1951 1271 2162 1332 Christi

206 1360 492 1431 nitenteS,
541 1359 913 1437 potestatem
961 1380 998 1418 a
1033 1359 1267 1419 Christo
1316 1360 1417 1419 fibi
1465 1360 1755 1420 traditam
1801 1358 2014 1441 ligare,
2063 1382 2160 1421 ar-

203 1461 341 1508 tare
389 1446 488 1507 vel
536 1447 828 1520 limitare,
878 1469 1002 1508 non
1049 1447 1424 1530 glorientur,
1482 1448 1541 1508 se
1600 1449 1834 1509 habere
1893 1451 2164 1510 medium

207 1537 519 1610 Christum,
566 1537 671 1597 sed
717 1538 1000 1609 videant,
1051 1559 1128 1597 ne
1176 1538 1450 1598 habeant
1496 1537 1940 1598 Antichristum.
2031 1538 2160 1618 Ipse

206 1627 368 1686 enim
395 1626 660 1687 Christus
694 1628 774 1686 de
818 1625 1040 1687 talibus
1088 1627 1421 1706 praedixit:
1471 1628 1529 1686 in
1578 1625 1896 1687 concilium
1943 1648 2161 1689 eorum

206 1735 329 1776 non
377 1717 587 1775 veniat
634 1717 837 1776 anima
884 1737 1039 1776 mea.
1132 1717 1313 1776 Unde
1373 1717 1430 1775 in
1485 1716 1605 1776 hoc
1651 1717 1819 1794 passu
1869 1716 1953 1777 est
1998 1717 2161 1778 bene

205 1806 566 1874 notandum,
614 1806 785 1885 quod
832 1806 976 1865 ficut
1023 1806 1231 1865 dicunt
1279 1804 1712 1886 evangelistae,
1759 1803 1942 1886 aliqui
1985 1807 2163 1885 pauci

207 1908 270 1955 et
328 1892 587 1954 humiles
647 1915 771 1955 non
832 1894 1263 1954 consenserunt
1322 1892 1399 1953 illi
1458 1895 1664 1974 iniquo
1726 1893 2010 1969 concilio,
2056 1894 2163 1956 sed

206 2004 331 2044 non
400 1997 742 2063 potuerunt
804 1982 1171 2063 praevalere
1235 1996 1452 2043 contra
1515 1982 1977 2044 multitudinem.
2080 1983 2165 2045 Et

207 2073 349 2133 ideo
391 2073 637 2153 ‘absque
686 2075 850 2133 omni
898 2073 1084 2133 dubio
1142 2073 1463 2132 fatendum
1522 2073 1631 2146 est,
1690 2075 1857 2153 quod
1916 2070 2164 2133 ecclefia

206 2175 350 2222 tunc
396 2183 548 2222 vere
597 2176 732 2222 erat
780 2163 838 2222 in
882 2161 1011 2235 illis,
1060 2162 1201 2242 quia
1234 2182 1359 2236 non
1394 2161 1857 2222 consentiebant
1891 2160 2163 2234 conciliO,

207 2253 238 2311 i.
287 2273 355 2324 e.,
403 2272 529 2312 non
578 2250 688 2310 illis
737 2253 816 2311 de
865 2250 1140 2312 concilio,
1217 2251 1299 2310 Et
1346 2251 1429 2310 ita
1478 2251 1663 2310 etiam
1711 2272 1883 2323 nune,
1930 2250 2193 2310 ficon-
2236 2244 2240 2245 ἶ
2292 2250 2295 2254 ’

207 2339 403 2401 cilium
443 2341 819 2420 praetendat
851 2340 1248 2421 derogationi
1271 2339 1498 2418 jurium
1531 2340 1735 2399 vicarii
1766 2339 1899 2417 Jesu
1934 2338 2160 2412 Christi,

206 2428 454 2490 ecclefia
502 2450 895 2510 nequequam
944 2428 1029 2489 est
1075 2430 1133 2488 in
1193 2429 1309 2500 eis,
1369 2428 1466 2486 nis]
1528 2428 1691 2488 sorte
1751 2426 2000 2488 ecclefia
2044 2428 2160 2488 Sa·-

206 2531 407 2579 tanae.
484 2519 614 2579 Sed
661 2539 814 2578 vera
862 2517 1112 2578 ecclesia
1159 2517 1243 2577 est
1290 2518 1348 2576 in
1397 2515 1527 2576 aliis
1575 2517 1919 2578 hominibus
1967 2517 2160 2577 humi-

205 2606 360 2668 libus
409 2621 473 2668 et
519 2606 651 2668 filiis
701 2608 1114 2681 obedientiae,
1163 2604 1457 2686 praelatis
1505 2603 1798 2687 religiofis
1845 2604 1944 2666 vel
1977 2604 2160 2678 laiciS,

207 2698 308 2778 qui
356 2699 644 2758 continue
693 2710 1153 2777 conqueruntur
1200 2709 1264 2755 et
1310 2707 1690 2755 murmurant
1736 2695 1815 2755 de
1863 2695 1953 2754 his
1999 2714 2159 2774 quae

206 2788 266 2846 in
313 2785 569 2847 concilio
620 2787 899 2846 dicuntur
946 2784 1198 2845 tractari
1231 2797 1448 2845 contra
1482 2781 1918 2844 au&oritatem
1951 2782 2160 2844 Christi

206 2876 410 2936 vicarii
457 2875 538 2935 ab
585 2875 677 2935 his
726 2877 827 2956 qui
875 2875 978 2934 sub
1025 2887 1355 2953 praetextu
1404 2874 1611 2933 nescio
1654 2872 1823 2951 cujus
1855 2873 2158 2932 reforma-

208 2965 388 3024 tionis
435 2964 535 3024 seu
583 2965 790 3043 potius
833 2961 1256 3024 destruc‘tionis
1290 2961 1578 3022 ecclefiae
1612 2982 1736 3022 non
1770 2960 1935 3021 aliud
1966 2981 2157 3041 quae-

207 3067 364 3127 runt,
412 3074 596 3133 quam
643 3054 961 3132 propriam
1000 3051 1368 3122 libertatem,
1417 3051 1634 3132 quibus
1666 3048 1836 3110 rthe
1869 3049 2159 3109 convenit

210 3141 420 3202 Christi
468 3141 774 3222 parabola
827 3143 967 3201 Luc.
1029 3142 1210 3201 XIX:
1258 3139 1550 3201 Miserunt
1596 3138 1980 3220 lega'tionem
2025 3137 2160 3217 post

209 3230 398 3309 ipsum
430 3232 736 3292 dicentes:
786 3230 1065 3291 nolumus
1099 3231 1258 3290 hunc
1290 3250 1558 3312 regnare
1592 3228 1934 3308 supernos
1981 3227 2160 3286 Haec

211 3332 420 3380 autem
467 3319 703 3399 legatio
752 3320 1077 3380 secundum
1108 3318 1372 3401 glossam
1398 3319 1506 3379 fuit
1527 3318 1904 3397 judaeorum
1951 3315 2156 3394 perse-

210 3409 370 3469 cutio
430 3409 488 3467 in
545 3409 793 3480 Petrum
853 3423 917 3469 et
976 3406 1399 3487 coapostolOS,
1457 3420 1524 3468 ut
1582 3407 1684 3486 qui
1741 3406 1800 3465 in
1861 3404 2158 3464 Christum

199 3496 330 3574 jam
379 3517 573 3577 agere
624 3517 746 3556 non
795 3511 1105 3575 poterant,
1156 3498 1213 3556 in
1247 3496 1379 3575 ejus
1412 3495 1699 3556 vicarium
1732 3507 1795 3553 et
1828 3490 2156 3571 discipulos
