<?xml version="1.0" encoding="UTF-8"?>
<!DOCTYPE html PUBLIC "-//W3C//DTD XHTML 1.0 Transitional//EN"
    "http://www.w3.org/TR/xhtml1/DTD/xhtml1-transitional.dtd">
<html xmlns="http://www.w3.org/1999/xhtml" xml:lang="en" lang="en">
 <head>
  <title>
</title>
<meta http-equiv="Content-Type" content="text/html;charset=utf-8" />
  <meta name='ocr-system' content='tesseract 3.04.00' />
  <meta name='ocr-capabilities' content='ocr_page ocr_carea ocr_par ocr_line ocrx_word'/>
</head>
<body>
  <div class='ocr_page' id='page_1' title='image "a609733400torquoft_0130.png"; bbox 0 0 2352 3808; ppageno 0'>
   <div class='ocr_carea' id='block_1_1' title="bbox 1054 219 1321 230">
    <p class='ocr_par' dir='ltr' id='par_1_1' title="bbox 1054 219 1321 230">
     <span class='ocr_line' id='line_1_1' title="bbox 1054 219 1321 230; baseline 0 3578"><span class='ocrx_word' id='word_1_1' title='bbox 1054 219 1321 230; x_wconf 95' lang='lat' dir='ltr'> </span> 
     </span>
    </p>
   </div>
   <div class='ocr_carea' id='block_1_2' title="bbox 1142 146 1247 198">
    <p class='ocr_par' dir='ltr' id='par_1_2' title="bbox 1142 146 1247 198">
     <span class='ocr_line' id='line_1_2' title="bbox 1142 146 1247 198; baseline 0 0"><span class='ocrx_word' id='word_1_2' title='bbox 1142 146 1247 198; x_wconf 88' lang='grc'>116</span> 
     </span>
    </p>
   </div>
   <div class='ocr_carea' id='block_1_3' title="bbox 196 318 2170 3065">
    <p class='ocr_par' dir='ltr' id='par_1_3' title="bbox 196 318 2170 3065">
     <span class='ocr_line' id='line_1_3' title="bbox 213 318 2158 405; baseline 0.005 -26"><span class='ocrx_word' id='word_1_3' title='bbox 213 321 292 380; x_wconf 93' lang='lat' dir='ltr'>de</span> <span class='ocrx_word' id='word_1_4' title='bbox 355 318 606 381; x_wconf 73' lang='lat' dir='ltr'>ecclesia</span> <span class='ocrx_word' id='word_1_5' title='bbox 664 320 985 381; x_wconf 91' lang='lat' dir='ltr'>universali</span> <span class='ocrx_word' id='word_1_6' title='bbox 1043 321 1411 402; x_wconf 84' lang='lat' dir='ltr'>fimpliciter‚</span> <span class='ocrx_word' id='word_1_7' title='bbox 1472 346 1632 405; x_wconf 90' lang='lat' dir='ltr'>quae</span> <span class='ocrx_word' id='word_1_8' title='bbox 1692 323 1938 387; x_wconf 90' lang='lat' dir='ltr'>includit</span> <span class='ocrx_word' id='word_1_9' title='bbox 1995 329 2158 389; x_wconf 87' lang='lat' dir='ltr'>cives</span> 
     </span>
     <span class='ocr_line' id='line_1_4' title="bbox 212 409 2158 495; baseline 0.004 -27"><span class='ocrx_word' id='word_1_10' title='bbox 212 409 628 488; x_wconf 81' lang='lat' dir='ltr'>principaliter</span> <span class='ocrx_word' id='word_1_11' title='bbox 677 423 740 469; x_wconf 92' lang='lat' dir='ltr'>et</span> <span class='ocrx_word' id='word_1_12' title='bbox 786 410 1143 470; x_wconf 89' lang='lat' dir='ltr'>secundario</span> <span class='ocrx_word' id='word_1_13' title='bbox 1192 414 1483 495; x_wconf 60' lang='lat' dir='ltr'>viatores,</span> <span class='ocrx_word' id='word_1_14' title='bbox 1534 414 1711 474; x_wconf 90' lang='lat' dir='ltr'>Haec</span> <span class='ocrx_word' id='word_1_15' title='bbox 1759 416 1921 474; x_wconf 91' lang='lat' dir='ltr'>enim</span> <span class='ocrx_word' id='word_1_16' title='bbox 1968 415 2158 478; x_wconf 89' lang='lat' dir='ltr'>habet</span> 
     </span>
     <span class='ocr_line' id='line_1_5' title="bbox 212 497 2156 582; baseline 0.004 -25"><span class='ocrx_word' id='word_1_17' title='bbox 212 499 631 558; x_wconf 91' lang='lat' dir='ltr'>immediatum</span> <span class='ocrx_word' id='word_1_18' title='bbox 664 497 944 577; x_wconf 90' lang='lat' dir='ltr'>sponsum</span> <span class='ocrx_word' id='word_1_19' title='bbox 980 500 1292 574; x_wconf 76' lang='lat' dir='ltr'>Christum,</span> <span class='ocrx_word' id='word_1_20' title='bbox 1341 503 1482 582; x_wconf 91' lang='lat' dir='ltr'>quia</span> <span class='ocrx_word' id='word_1_21' title='bbox 1530 504 1587 562; x_wconf 89' lang='lat' dir='ltr'>in</span> <span class='ocrx_word' id='word_1_22' title='bbox 1636 502 1735 563; x_wconf 92' lang='lat' dir='ltr'>illa</span> <span class='ocrx_word' id='word_1_23' title='bbox 1766 505 1983 564; x_wconf 91' lang='lat' dir='ltr'>Petrus</span> <span class='ocrx_word' id='word_1_24' title='bbox 2031 525 2156 565; x_wconf 90' lang='lat' dir='ltr'>non</span> 
     </span>
     <span class='ocr_line' id='line_1_6' title="bbox 213 587 2156 673; baseline 0.004 -27"><span class='ocrx_word' id='word_1_25' title='bbox 213 587 297 647; x_wconf 89' lang='lat' dir='ltr'>est</span> <span class='ocrx_word' id='word_1_26' title='bbox 343 602 544 666; x_wconf 80' lang='lat' dir='ltr'>caput,</span> <span class='ocrx_word' id='word_1_27' title='bbox 592 587 695 646; x_wconf 92' lang='lat' dir='ltr'>sed</span> <span class='ocrx_word' id='word_1_28' title='bbox 743 589 1087 648; x_wconf 84' lang='lat' dir='ltr'><strong>membrum</strong></span> <span class='ocrx_word' id='word_1_29' title='bbox 1123 603 1391 667; x_wconf 82' lang='lat' dir='ltr'>tantum3</span> <span class='ocrx_word' id='word_1_30' title='bbox 1441 610 1556 651; x_wconf 91' lang='lat' dir='ltr'>nos</span> <span class='ocrx_word' id='word_1_31' title='bbox 1590 605 1799 652; x_wconf 91' lang='lat' dir='ltr'>autem</span> <span class='ocrx_word' id='word_1_32' title='bbox 1833 593 1927 652; x_wconf 93' lang='lat' dir='ltr'>hic</span> <span class='ocrx_word' id='word_1_33' title='bbox 1958 591 2156 673; x_wconf 90' lang='lat' dir='ltr'>loqui-</span> 
     </span>
     <span class='ocr_line' id='line_1_7' title="bbox 212 675 2156 758; baseline 0.003 -23"><span class='ocrx_word' id='word_1_34' title='bbox 212 698 347 735; x_wconf 91' lang='lat' dir='ltr'>mur</span> <span class='ocrx_word' id='word_1_35' title='bbox 395 677 474 737; x_wconf 92' lang='lat' dir='ltr'>de</span> <span class='ocrx_word' id='word_1_36' title='bbox 523 675 841 736; x_wconf 88' lang='lat' dir='ltr'>universali</span> <span class='ocrx_word' id='word_1_37' title='bbox 890 676 1153 750; x_wconf 71' lang='lat' dir='ltr'>ecclesia,</span> <span class='ocrx_word' id='word_1_38' title='bbox 1214 700 1374 758; x_wconf 90' lang='lat' dir='ltr'>quae</span> <span class='ocrx_word' id='word_1_39' title='bbox 1425 678 1670 740; x_wconf 88' lang='lat' dir='ltr'>includit</span> <span class='ocrx_word' id='word_1_40' title='bbox 1728 694 1967 741; x_wconf 90' lang='lat' dir='ltr'>tantum</span> <span class='ocrx_word' id='word_1_41' title='bbox 2027 682 2156 742; x_wconf 87' lang='lat' dir='ltr'>via-</span> 
     </span>
     <span class='ocr_line' id='line_1_8' title="bbox 210 764 2156 848; baseline 0.003 -24"><span class='ocrx_word' id='word_1_42' title='bbox 210 778 396 825; x_wconf 81' lang='lat' dir='ltr'>tores</span> <span class='ocrx_word' id='word_1_43' title='bbox 431 784 548 843; x_wconf 91' lang='lat' dir='ltr'>pro</span> <span class='ocrx_word' id='word_1_44' title='bbox 597 764 749 824; x_wconf 91' lang='lat' dir='ltr'>statu</span> <span class='ocrx_word' id='word_1_45' title='bbox 798 765 1078 839; x_wconf 66' lang='lat' dir='ltr'>sensibilis</span> <span class='ocrx_word' id='word_1_46' title='bbox 1126 768 1309 834; x_wconf 79' lang='lat' dir='ltr'>vitae,</span> <span class='ocrx_word' id='word_1_47' title='bbox 1358 768 1414 827; x_wconf 92' lang='lat' dir='ltr'>in</span> <span class='ocrx_word' id='word_1_48' title='bbox 1464 789 1587 848; x_wconf 90' lang='lat' dir='ltr'>quo</span> <span class='ocrx_word' id='word_1_49' title='bbox 1625 789 1748 830; x_wconf 91' lang='lat' dir='ltr'>non</span> <span class='ocrx_word' id='word_1_50' title='bbox 1790 771 2008 843; x_wconf 83' lang='lat' dir='ltr'>decuit,</span> <span class='ocrx_word' id='word_1_51' title='bbox 2057 791 2156 830; x_wconf 84' lang='lat' dir='ltr'>re·-</span> 
     </span>
     <span class='ocr_line' id='line_1_9' title="bbox 211 853 2154 937; baseline 0.004 -25"><span class='ocrx_word' id='word_1_52' title='bbox 211 853 473 913; x_wconf 89' lang='lat' dir='ltr'>cedente</span> <span class='ocrx_word' id='word_1_53' title='bbox 509 853 741 914; x_wconf 91' lang='lat' dir='ltr'>Christo</span> <span class='ocrx_word' id='word_1_54' title='bbox 777 854 856 913; x_wconf 86' lang='lat' dir='ltr'>ab</span> <span class='ocrx_word' id='word_1_55' title='bbox 889 855 1007 914; x_wconf 91' lang='lat' dir='ltr'>hoc</span> <span class='ocrx_word' id='word_1_56' title='bbox 1038 854 1188 915; x_wconf 89' lang='lat' dir='ltr'>statu</span> <span class='ocrx_word' id='word_1_57' title='bbox 1222 877 1548 917; x_wconf 90' lang='lat' dir='ltr'>remanere</span> <span class='ocrx_word' id='word_1_58' title='bbox 1581 856 1745 916; x_wconf 91' lang='lat' dir='ltr'>illam</span> <span class='ocrx_word' id='word_1_59' title='bbox 1775 858 1895 918; x_wconf 90' lang='lat' dir='ltr'>fine</span> <span class='ocrx_word' id='word_1_60' title='bbox 1917 879 2154 937; x_wconf 90' lang='lat' dir='ltr'>sponso</span> 
     </span>
     <span class='ocr_line' id='line_1_10' title="bbox 211 942 2155 1023; baseline 0.004 -23"><span class='ocrx_word' id='word_1_61' title='bbox 211 942 489 1020; x_wconf 91' lang='lat' dir='ltr'>ejusdem</span> <span class='ocrx_word' id='word_1_62' title='bbox 536 942 739 1015; x_wconf 83' lang='lat' dir='ltr'>statuS‚</span> <span class='ocrx_word' id='word_1_63' title='bbox 788 956 851 1003; x_wconf 92' lang='lat' dir='ltr'>et</span> <span class='ocrx_word' id='word_1_64' title='bbox 898 944 1040 1004; x_wconf 90' lang='lat' dir='ltr'>ideo</span> <span class='ocrx_word' id='word_1_65' title='bbox 1083 946 1353 1023; x_wconf 88' lang='lat' dir='ltr'>providit</span> <span class='ocrx_word' id='word_1_66' title='bbox 1387 945 1649 1005; x_wconf 87' lang='lat' dir='ltr'>Christus</span> <span class='ocrx_word' id='word_1_67' title='bbox 1683 947 1762 1006; x_wconf 94' lang='lat' dir='ltr'>de</span> <span class='ocrx_word' id='word_1_68' title='bbox 1794 948 1980 1007; x_wconf 90' lang='lat' dir='ltr'>Petro</span> <span class='ocrx_word' id='word_1_69' title='bbox 2015 946 2155 1007; x_wconf 96' lang='grc'>1000</span> 
     </span>
     <span class='ocr_line' id='line_1_11' title="bbox 208 1030 2159 1114; baseline 0.004 -25"><span class='ocrx_word' id='word_1_70' title='bbox 208 1030 306 1103; x_wconf 83' lang='lat' dir='ltr'>sui,</span> <span class='ocrx_word' id='word_1_71' title='bbox 365 1052 551 1110; x_wconf 89' lang='lat' dir='ltr'>quem</span> <span class='ocrx_word' id='word_1_72' title='bbox 600 1044 811 1091; x_wconf 90' lang='lat' dir='ltr'>tamen</span> <span class='ocrx_word' id='word_1_73' title='bbox 861 1034 1190 1110; x_wconf 90' lang='lat' dir='ltr'>repudiare</span> <span class='ocrx_word' id='word_1_74' title='bbox 1246 1034 1489 1093; x_wconf 89' lang='lat' dir='ltr'>videtur</span> <span class='ocrx_word' id='word_1_75' title='bbox 1538 1036 1707 1114; x_wconf 91' lang='lat' dir='ltr'>quod</span> <span class='ocrx_word' id='word_1_76' title='bbox 1769 1055 1893 1095; x_wconf 90' lang='lat' dir='ltr'>non</span> <span class='ocrx_word' id='word_1_77' title='bbox 1955 1034 2159 1114; x_wconf 92' lang='lat' dir='ltr'>potest</span> 
     </span>
     <span class='ocr_line' id='line_1_12' title="bbox 209 1119 2155 1203; baseline 0.003 -25"><span class='ocrx_word' id='word_1_78' title='bbox 209 1119 330 1179; x_wconf 89' lang='lat' dir='ltr'>fine</span> <span class='ocrx_word' id='word_1_79' title='bbox 377 1121 556 1201; x_wconf 84' lang='lat' dir='ltr'>gravi</span> <span class='ocrx_word' id='word_1_80' title='bbox 615 1119 831 1198; x_wconf 89' lang='lat' dir='ltr'>injuria</span> <span class='ocrx_word' id='word_1_81' title='bbox 877 1120 1010 1199; x_wconf 89' lang='lat' dir='ltr'>Jesu</span> <span class='ocrx_word' id='word_1_82' title='bbox 1060 1121 1285 1181; x_wconf 88' lang='lat' dir='ltr'>Christi.</span> <span class='ocrx_word' id='word_1_83' title='bbox 1379 1122 1490 1183; x_wconf 90' lang='lat' dir='ltr'>Cui</span> <span class='ocrx_word' id='word_1_84' title='bbox 1537 1124 1720 1183; x_wconf 88' lang='lat' dir='ltr'>Petro</span> <span class='ocrx_word' id='word_1_85' title='bbox 1779 1145 1890 1183; x_wconf 90' lang='lat' dir='ltr'>seu</span> <span class='ocrx_word' id='word_1_86' title='bbox 1949 1143 2155 1203; x_wconf 89' lang='lat' dir='ltr'>papae</span> 
     </span>
     <span class='ocr_line' id='line_1_13' title="bbox 209 1207 2154 1292; baseline 0.004 -25"><span class='ocrx_word' id='word_1_87' title='bbox 209 1207 450 1287; x_wconf 90' lang='lat' dir='ltr'>repulso</span> <span class='ocrx_word' id='word_1_88' title='bbox 500 1210 644 1288; x_wconf 88' lang='lat' dir='ltr'>quid</span> <span class='ocrx_word' id='word_1_89' title='bbox 692 1209 854 1269; x_wconf 88' lang='lat' dir='ltr'>aliud</span> <span class='ocrx_word' id='word_1_90' title='bbox 902 1211 1064 1270; x_wconf 91' lang='lat' dir='ltr'>dicet</span> <span class='ocrx_word' id='word_1_91' title='bbox 1106 1211 1387 1285; x_wconf 81' lang='lat' dir='ltr'>ChristuS‚</span> <span class='ocrx_word' id='word_1_92' title='bbox 1436 1232 1620 1291; x_wconf 90' lang='lat' dir='ltr'>quam</span> <span class='ocrx_word' id='word_1_93' title='bbox 1667 1213 1836 1292; x_wconf 91' lang='lat' dir='ltr'>quod</span> <span class='ocrx_word' id='word_1_94' title='bbox 1868 1213 2009 1272; x_wconf 91' lang='lat' dir='ltr'>dicit</span> <span class='ocrx_word' id='word_1_95' title='bbox 2039 1213 2154 1274; x_wconf 94' lang='lat' dir='ltr'>do-</span> 
     </span>
     <span class='ocr_line' id='line_1_14' title="bbox 208 1297 2156 1380; baseline 0.003 -24"><span class='ocrx_word' id='word_1_96' title='bbox 208 1298 404 1357; x_wconf 89' lang='lat' dir='ltr'>minus</span> <span class='ocrx_word' id='word_1_97' title='bbox 438 1297 711 1357; x_wconf 89' lang='lat' dir='ltr'>Samueli</span> <span class='ocrx_word' id='word_1_98' title='bbox 742 1299 779 1358; x_wconf 93' lang='grc' dir='ltr'>Ι.</span> <span class='ocrx_word' id='word_1_99' title='bbox 812 1300 970 1379; x_wconf 84' lang='lat' dir='ltr'><strong>Reg.</strong></span> <span class='ocrx_word' id='word_1_100' title='bbox 1004 1299 1177 1359; x_wconf 85' lang='lat' dir='ltr'>V111.:</span> <span class='ocrx_word' id='word_1_101' title='bbox 1226 1301 1370 1359; x_wconf 92' lang='lat' dir='ltr'>Non</span> <span class='ocrx_word' id='word_1_102' title='bbox 1411 1314 1490 1373; x_wconf 79' lang='lat' dir='ltr'>te,</span> <span class='ocrx_word' id='word_1_103' title='bbox 1539 1301 1746 1380; x_wconf 88' lang='lat' dir='ltr'>inquit,</span> <span class='ocrx_word' id='word_1_104' title='bbox 1794 1300 2156 1379; x_wconf 86' lang='lat' dir='ltr'>abjecerunt</span> 
     </span>
     <span class='ocr_line' id='line_1_15' title="bbox 208 1385 2170 1470; baseline 0.003 -25"><span class='ocrx_word' id='word_1_105' title='bbox 208 1386 412 1459; x_wconf 89' lang='lat' dir='ltr'>hodie,</span> <span class='ocrx_word' id='word_1_106' title='bbox 445 1386 548 1446; x_wconf 89' lang='lat' dir='ltr'>sed</span> <span class='ocrx_word' id='word_1_107' title='bbox 582 1408 699 1460; x_wconf 81' lang='lat' dir='ltr'>me,</span> <span class='ocrx_word' id='word_1_108' title='bbox 748 1408 825 1446; x_wconf 90' lang='lat' dir='ltr'>ne</span> <span class='ocrx_word' id='word_1_109' title='bbox 874 1409 1136 1468; x_wconf 80' lang='lat' dir='ltr'><strong>regnem</strong></span> <span class='ocrx_word' id='word_1_110' title='bbox 1179 1388 1357 1468; x_wconf 86' lang='lat' dir='ltr'>super</span> <span class='ocrx_word' id='word_1_111' title='bbox 1389 1409 1516 1449; x_wconf 81' lang='lat' dir='ltr'>eos,</span> <span class='ocrx_word' id='word_1_112' title='bbox 1559 1390 1693 1448; x_wconf 92' lang='lat' dir='ltr'>Nec</span> <span class='ocrx_word' id='word_1_113' title='bbox 1725 1388 1938 1463; x_wconf 78' lang='lat' dir='ltr'>obstat,</span> <span class='ocrx_word' id='word_1_114' title='bbox 1987 1385 2170 1470; x_wconf 56' lang='lat' dir='ltr'>duod</span> 
     </span>
     <span class='ocr_line' id='line_1_16' title="bbox 209 1475 2154 1559; baseline 0.002 -25"><span class='ocrx_word' id='word_1_115' title='bbox 209 1475 471 1548; x_wconf 80' lang='lat' dir='ltr'>adducit,</span> <span class='ocrx_word' id='word_1_116' title='bbox 520 1477 690 1555; x_wconf 91' lang='lat' dir='ltr'>quod</span> <span class='ocrx_word' id='word_1_117' title='bbox 738 1477 1018 1536; x_wconf 90' lang='lat' dir='ltr'>dominus</span> <span class='ocrx_word' id='word_1_118' title='bbox 1053 1477 1353 1537; x_wconf 88' lang='lat' dir='ltr'>Martinus</span> <span class='ocrx_word' id='word_1_119' title='bbox 1414 1491 1477 1537; x_wconf 93' lang='lat' dir='ltr'>et</span> <span class='ocrx_word' id='word_1_120' title='bbox 1510 1478 1790 1537; x_wconf 89' lang='lat' dir='ltr'>dominus</span> <span class='ocrx_word' id='word_1_121' title='bbox 1838 1478 2154 1559; x_wconf 86' lang='lat' dir='ltr'>Eugenius</span> 
     </span>
     <span class='ocr_line' id='line_1_17' title="bbox 207 1564 2153 1645; baseline 0.002 -22"><span class='ocrx_word' id='word_1_122' title='bbox 207 1564 318 1623; x_wconf 90' lang='lat' dir='ltr'>has</span> <span class='ocrx_word' id='word_1_123' title='bbox 366 1564 698 1624; x_wconf 88' lang='lat' dir='ltr'>sententias</span> <span class='ocrx_word' id='word_1_124' title='bbox 747 1566 805 1624; x_wconf 90' lang='lat' dir='ltr'>in</span> <span class='ocrx_word' id='word_1_125' title='bbox 854 1565 1221 1645; x_wconf 91' lang='lat' dir='ltr'>quibusdam</span> <span class='ocrx_word' id='word_1_126' title='bbox 1262 1565 1375 1625; x_wconf 92' lang='lat' dir='ltr'>suis</span> <span class='ocrx_word' id='word_1_127' title='bbox 1423 1566 1723 1645; x_wconf 87' lang='lat' dir='ltr'>rescriptis</span> <span class='ocrx_word' id='word_1_128' title='bbox 1772 1567 2153 1640; x_wconf 81' lang='lat' dir='ltr'>confirmant,</span> 
     </span>
     <span class='ocr_line' id='line_1_18' title="bbox 204 1652 2154 1735; baseline 0.002 -23"><span class='ocrx_word' id='word_1_129' title='bbox 204 1652 416 1713; x_wconf 92' lang='lat' dir='ltr'>saltem</span> <span class='ocrx_word' id='word_1_130' title='bbox 449 1654 660 1733; x_wconf 89' lang='lat' dir='ltr'>quoad</span> <span class='ocrx_word' id='word_1_131' title='bbox 693 1653 1093 1733; x_wconf 86' lang='lat' dir='ltr'>principalem</span> <span class='ocrx_word' id='word_1_132' title='bbox 1125 1653 1418 1733; x_wconf 70' lang='lat' dir='ltr'>pun6³tum</span> <span class='ocrx_word' id='word_1_133' title='bbox 1444 1656 1523 1714; x_wconf 93' lang='lat' dir='ltr'>de</span> <span class='ocrx_word' id='word_1_134' title='bbox 1549 1653 1921 1734; x_wconf 70' lang='lat' dir='ltr'>subje6tione</span> <span class='ocrx_word' id='word_1_135' title='bbox 1946 1675 2154 1735; x_wconf 92' lang='lat' dir='ltr'>papae</span> 
     </span>
     <span class='ocr_line' id='line_1_19' title="bbox 208 1741 2153 1823; baseline 0 -20"><span class='ocrx_word' id='word_1_136' title='bbox 208 1741 481 1815; x_wconf 81' lang='lat' dir='ltr'>concilio⁷</span> <span class='ocrx_word' id='word_1_137' title='bbox 529 1741 708 1821; x_wconf 90' lang='lat' dir='ltr'>super</span> <span class='ocrx_word' id='word_1_138' title='bbox 756 1762 880 1823; x_wconf 89' lang='lat' dir='ltr'>quo</span> <span class='ocrx_word' id='word_1_139' title='bbox 916 1742 1143 1803; x_wconf 55' lang='lat' dir='ltr'>dietum</span> <span class='ocrx_word' id='word_1_140' title='bbox 1177 1743 1262 1803; x_wconf 89' lang='lat' dir='ltr'>est</span> <span class='ocrx_word' id='word_1_141' title='bbox 1293 1742 1471 1823; x_wconf 90' lang='lat' dir='ltr'>supra</span> <span class='ocrx_word' id='word_1_142' title='bbox 1502 1756 1683 1822; x_wconf 91' lang='lat' dir='ltr'>parte</span> <span class='ocrx_word' id='word_1_143' title='bbox 1715 1744 1776 1803; x_wconf 95' lang='grc' dir='ltr'>ΙΙ.</span> <span class='ocrx_word' id='word_1_144' title='bbox 1808 1745 1867 1802; x_wconf 88' lang='lat' dir='ltr'>in</span> <span class='ocrx_word' id='word_1_145' title='bbox 1900 1743 2153 1823; x_wconf 89' lang='lat' dir='ltr'>respon-</span> 
     </span>
     <span class='ocr_line' id='line_1_20' title="bbox 205 1831 2154 1911; baseline 0.001 -21"><span class='ocrx_word' id='word_1_146' title='bbox 205 1831 371 1892; x_wconf 88' lang='lat' dir='ltr'>fione</span> <span class='ocrx_word' id='word_1_147' title='bbox 420 1832 500 1891; x_wconf 93' lang='lat' dir='ltr'>ad</span> <span class='ocrx_word' id='word_1_148' title='bbox 547 1831 633 1890; x_wconf 92' lang='lat' dir='ltr'><strong>III.</strong></span> <span class='ocrx_word' id='word_1_149' title='bbox 682 1832 1162 1891; x_wconf 90' lang='lat' dir='ltr'>fundamentum.</span> <span class='ocrx_word' id='word_1_150' title='bbox 1253 1832 1383 1891; x_wconf 88' lang='lat' dir='ltr'>Sed</span> <span class='ocrx_word' id='word_1_151' title='bbox 1430 1846 1639 1892; x_wconf 90' lang='lat' dir='ltr'>tamen</span> <span class='ocrx_word' id='word_1_152' title='bbox 1696 1833 1763 1906; x_wconf 87' lang='lat' dir='ltr'>fi,</span> <span class='ocrx_word' id='word_1_153' title='bbox 1824 1832 1967 1892; x_wconf 86' lang='lat' dir='ltr'>ficut</span> <span class='ocrx_word' id='word_1_154' title='bbox 2021 1833 2154 1911; x_wconf 87' lang='lat' dir='ltr'>ipse</span> 
     </span>
     <span class='ocr_line' id='line_1_21' title="bbox 207 1918 2156 1999; baseline 0.001 -20"><span class='ocrx_word' id='word_1_155' title='bbox 207 1921 364 1992; x_wconf 85' lang='lat' dir='ltr'>dicit,</span> <span class='ocrx_word' id='word_1_156' title='bbox 414 1921 499 1979; x_wconf 92' lang='lat' dir='ltr'>ita</span> <span class='ocrx_word' id='word_1_157' title='bbox 545 1918 718 1979; x_wconf 88' lang='lat' dir='ltr'>facile</span> <span class='ocrx_word' id='word_1_158' title='bbox 768 1920 853 1980; x_wconf 92' lang='lat' dir='ltr'>est</span> <span class='ocrx_word' id='word_1_159' title='bbox 898 1941 1128 1999; x_wconf 92' lang='lat' dir='ltr'>papam</span> <span class='ocrx_word' id='word_1_160' title='bbox 1177 1941 1414 1994; x_wconf 81' lang='lat' dir='ltr'>errare,</span> <span class='ocrx_word' id='word_1_161' title='bbox 1477 1922 1720 1999; x_wconf 86' lang='lat' dir='ltr'>possunt</span> <span class='ocrx_word' id='word_1_162' title='bbox 1766 1921 1934 1980; x_wconf 91' lang='lat' dir='ltr'>istum</span> <span class='ocrx_word' id='word_1_163' title='bbox 1982 1941 2156 1981; x_wconf 90' lang='lat' dir='ltr'>erro-</span> 
     </span>
     <span class='ocr_line' id='line_1_22' title="bbox 205 2007 2154 2090; baseline 0.001 -22"><span class='ocrx_word' id='word_1_164' title='bbox 205 2030 338 2069; x_wconf 92' lang='lat' dir='ltr'>rem</span> <span class='ocrx_word' id='word_1_165' title='bbox 386 2028 625 2088; x_wconf 89' lang='lat' dir='ltr'>ponere</span> <span class='ocrx_word' id='word_1_166' title='bbox 675 2031 810 2068; x_wconf 90' lang='lat' dir='ltr'>cum</span> <span class='ocrx_word' id='word_1_167' title='bbox 858 2008 1005 2083; x_wconf 81' lang='lat' dir='ltr'>aliis,</span> <span class='ocrx_word' id='word_1_168' title='bbox 1052 2023 1480 2069; x_wconf 89' lang='lat' dir='ltr'>verumtamen</span> <span class='ocrx_word' id='word_1_169' title='bbox 1530 2011 1673 2090; x_wconf 90' lang='lat' dir='ltr'>quia</span> <span class='ocrx_word' id='word_1_170' title='bbox 1719 2030 1844 2070; x_wconf 91' lang='lat' dir='ltr'>non</span> <span class='ocrx_word' id='word_1_171' title='bbox 1887 2010 1967 2069; x_wconf 93' lang='lat' dir='ltr'>de</span> <span class='ocrx_word' id='word_1_172' title='bbox 2000 2007 2154 2070; x_wconf 89' lang='lat' dir='ltr'>facili</span> 
     </span>
     <span class='ocr_line' id='line_1_23' title="bbox 207 2097 2153 2177; baseline 0.001 -20"><span class='ocrx_word' id='word_1_173' title='bbox 207 2097 720 2177; x_wconf 90' lang='lat' dir='ltr'>praesumendum</span> <span class='ocrx_word' id='word_1_174' title='bbox 769 2098 853 2158; x_wconf 89' lang='lat' dir='ltr'>est</span> <span class='ocrx_word' id='word_1_175' title='bbox 900 2099 979 2157; x_wconf 93' lang='lat' dir='ltr'>de</span> <span class='ocrx_word' id='word_1_176' title='bbox 1014 2119 1230 2159; x_wconf 90' lang='lat' dir='ltr'>errore</span> <span class='ocrx_word' id='word_1_177' title='bbox 1262 2119 1486 2177; x_wconf 81' lang='lat' dir='ltr'>papae,</span> <span class='ocrx_word' id='word_1_178' title='bbox 1536 2112 1603 2158; x_wconf 93' lang='lat' dir='ltr'>ut</span> <span class='ocrx_word' id='word_1_179' title='bbox 1646 2099 1788 2158; x_wconf 91' lang='lat' dir='ltr'>dicit</span> <span class='ocrx_word' id='word_1_180' title='bbox 1818 2098 2153 2170; x_wconf 75' lang='lat' dir='ltr'>EnnodiuS‚</span> 
     </span>
     <span class='ocr_line' id='line_1_24' title="bbox 208 2185 2154 2266; baseline 0 -20"><span class='ocrx_word' id='word_1_181' title='bbox 208 2187 327 2247; x_wconf 94' lang='lat' dir='ltr'>hoc</span> <span class='ocrx_word' id='word_1_182' title='bbox 373 2188 579 2266; x_wconf 92' lang='lat' dir='ltr'>potius</span> <span class='ocrx_word' id='word_1_183' title='bbox 629 2188 1088 2247; x_wconf 90' lang='lat' dir='ltr'>attribuendum</span> <span class='ocrx_word' id='word_1_184' title='bbox 1122 2187 1206 2246; x_wconf 91' lang='lat' dir='ltr'>est</span> <span class='ocrx_word' id='word_1_185' title='bbox 1246 2188 1484 2247; x_wconf 92' lang='lat' dir='ltr'>cuidam</span> <span class='ocrx_word' id='word_1_186' title='bbox 1524 2188 1665 2266; x_wconf 92' lang='lat' dir='ltr'>piae</span> <span class='ocrx_word' id='word_1_187' title='bbox 1710 2185 2154 2246; x_wconf 80' lang='lat' dir='ltr'>dissimulationi</span> 
     </span>
     <span class='ocr_line' id='line_1_25' title="bbox 208 2267 2155 2357; baseline -0.001 -22"><span class='ocrx_word' id='word_1_188' title='bbox 208 2296 404 2357; x_wconf 91' lang='lat' dir='ltr'>usque</span> <span class='ocrx_word' id='word_1_189' title='bbox 454 2277 533 2335; x_wconf 93' lang='lat' dir='ltr'>ad</span> <span class='ocrx_word' id='word_1_190' title='bbox 580 2289 854 2354; x_wconf 75' lang='lat' dir='ltr'>tempu3‚</span> <span class='ocrx_word' id='word_1_191' title='bbox 912 2276 1271 2355; x_wconf 91' lang='lat' dir='ltr'>praesertim</span> <span class='ocrx_word' id='word_1_192' title='bbox 1329 2277 1430 2334; x_wconf 94' lang='lat' dir='ltr'>ubi</span> <span class='ocrx_word' id='word_1_193' title='bbox 1485 2276 1758 2334; x_wconf 88' lang='lat' dir='ltr'>imminet</span> <span class='ocrx_word' id='word_1_194' title='bbox 1819 2267 2155 2354; x_wconf 87' lang='lat' dir='ltr'>periculum</span> 
     </span>
     <span class='ocr_line' id='line_1_26' title="bbox 208 2362 2152 2443; baseline -0.001 -20"><span class='ocrx_word' id='word_1_195' title='bbox 208 2364 530 2424; x_wconf 87' lang='lat' dir='ltr'>schismatis</span> <span class='ocrx_word' id='word_1_196' title='bbox 580 2366 748 2443; x_wconf 91' lang='lat' dir='ltr'>quod</span> <span class='ocrx_word' id='word_1_197' title='bbox 795 2385 963 2443; x_wconf 91' lang='lat' dir='ltr'>papa</span> <span class='ocrx_word' id='word_1_198' title='bbox 1011 2383 1136 2441; x_wconf 88' lang='lat' dir='ltr'>non</span> <span class='ocrx_word' id='word_1_199' title='bbox 1185 2365 1269 2424; x_wconf 93' lang='lat' dir='ltr'>ita</span> <span class='ocrx_word' id='word_1_200' title='bbox 1310 2362 1482 2423; x_wconf 91' lang='lat' dir='ltr'>facile</span> <span class='ocrx_word' id='word_1_201' title='bbox 1516 2362 1739 2424; x_wconf 91' lang='lat' dir='ltr'>tollere</span> <span class='ocrx_word' id='word_1_202' title='bbox 1786 2364 2036 2442; x_wconf 89' lang='lat' dir='ltr'>poterit,</span> <span class='ocrx_word' id='word_1_203' title='bbox 2082 2364 2152 2423; x_wconf 83' lang='lat' dir='ltr'>s1-.</span> 
     </span>
     <span class='ocr_line' id='line_1_27' title="bbox 209 2450 2152 2532; baseline -0.001 -20"><span class='ocrx_word' id='word_1_204' title='bbox 209 2466 307 2512; x_wconf 91' lang='lat' dir='ltr'>cut</span> <span class='ocrx_word' id='word_1_205' title='bbox 354 2451 581 2512; x_wconf 59' lang='lat' dir='ltr'>dictum</span> <span class='ocrx_word' id='word_1_206' title='bbox 629 2451 795 2512; x_wconf 91' lang='lat' dir='ltr'>suum</span> <span class='ocrx_word' id='word_1_207' title='bbox 826 2452 926 2512; x_wconf 90' lang='lat' dir='ltr'>vel</span> <span class='ocrx_word' id='word_1_208' title='bbox 960 2452 1314 2532; x_wconf 89' lang='lat' dir='ltr'>rescriptum</span> <span class='ocrx_word' id='word_1_209' title='bbox 1347 2451 1666 2512; x_wconf 91' lang='lat' dir='ltr'>declarare</span> <span class='ocrx_word' id='word_1_210' title='bbox 1699 2453 2010 2512; x_wconf 90' lang='lat' dir='ltr'>moderari</span> <span class='ocrx_word' id='word_1_211' title='bbox 2051 2450 2152 2511; x_wconf 88' lang='lat' dir='ltr'>vel</span> 
     </span>
     <span class='ocr_line' id='line_1_28' title="bbox 209 2540 2152 2620; baseline -0.001 -19"><span class='ocrx_word' id='word_1_212' title='bbox 209 2563 284 2601; x_wconf 89' lang='lat' dir='ltr'>ex</span> <span class='ocrx_word' id='word_1_213' title='bbox 348 2554 518 2601; x_wconf 92' lang='lat' dir='ltr'>certa</span> <span class='ocrx_word' id='word_1_214' title='bbox 580 2541 755 2601; x_wconf 91' lang='lat' dir='ltr'>causa</span> <span class='ocrx_word' id='word_1_215' title='bbox 815 2562 1130 2602; x_wconf 88' lang='lat' dir='ltr'>revocare.</span> <span class='ocrx_word' id='word_1_216' title='bbox 1234 2542 1316 2600; x_wconf 91' lang='lat' dir='ltr'>Et</span> <span class='ocrx_word' id='word_1_217' title='bbox 1375 2541 1551 2620; x_wconf 90' lang='lat' dir='ltr'>hujus</span> <span class='ocrx_word' id='word_1_218' title='bbox 1613 2540 1796 2600; x_wconf 72' lang='lat' dir='ltr'>simile</span> <span class='ocrx_word' id='word_1_219' title='bbox 1854 2540 2038 2619; x_wconf 90' lang='lat' dir='ltr'>saepe</span> <span class='ocrx_word' id='word_1_220' title='bbox 2092 2541 2152 2600; x_wconf 89' lang='lat' dir='ltr'>in</span> 
     </span>
     <span class='ocr_line' id='line_1_29' title="bbox 196 2628 2154 2709; baseline -0.001 -19"><span class='ocrx_word' id='word_1_221' title='bbox 196 2630 338 2709; x_wconf 87' lang='lat' dir='ltr'>jure</span> <span class='ocrx_word' id='word_1_222' title='bbox 387 2628 616 2690; x_wconf 43' lang='lat' dir='ltr'>factum</span> <span class='ocrx_word' id='word_1_223' title='bbox 671 2631 988 2690; x_wconf 87' lang='lat' dir='ltr'>invenitur.</span> <span class='ocrx_word' id='word_1_224' title='bbox 1078 2631 1160 2690; x_wconf 90' lang='lat' dir='ltr'>Et</span> <span class='ocrx_word' id='word_1_225' title='bbox 1208 2631 1349 2690; x_wconf 91' lang='lat' dir='ltr'>ideo</span> <span class='ocrx_word' id='word_1_226' title='bbox 1411 2631 1660 2709; x_wconf 89' lang='lat' dir='ltr'>quando</span> <span class='ocrx_word' id='word_1_227' title='bbox 1720 2630 1936 2688; x_wconf 89' lang='lat' dir='ltr'>videro</span> <span class='ocrx_word' id='word_1_228' title='bbox 1995 2629 2154 2688; x_wconf 90' lang='lat' dir='ltr'>hanc</span> 
     </span>
     <span class='ocr_line' id='line_1_30' title="bbox 208 2717 2152 2798; baseline -0.002 -19"><span class='ocrx_word' id='word_1_229' title='bbox 208 2718 657 2779; x_wconf 89' lang='lat' dir='ltr'>conclufionem</span> <span class='ocrx_word' id='word_1_230' title='bbox 703 2720 964 2798; x_wconf 90' lang='lat' dir='ltr'>pofitam</span> <span class='ocrx_word' id='word_1_231' title='bbox 1012 2720 1132 2778; x_wconf 90' lang='lat' dir='ltr'>esse</span> <span class='ocrx_word' id='word_1_232' title='bbox 1192 2719 1251 2777; x_wconf 91' lang='lat' dir='ltr'>in</span> <span class='ocrx_word' id='word_1_233' title='bbox 1310 2738 1576 2797; x_wconf 89' lang='lat' dir='ltr'>corpore</span> <span class='ocrx_word' id='word_1_234' title='bbox 1630 2717 1783 2796; x_wconf 91' lang='lat' dir='ltr'>juris</span> <span class='ocrx_word' id='word_1_235' title='bbox 1843 2738 1921 2777; x_wconf 85' lang='lat' dir='ltr'>ex</span> <span class='ocrx_word' id='word_1_236' title='bbox 1983 2719 2152 2776; x_wconf 90' lang='lat' dir='ltr'>certa</span> 
     </span>
     <span class='ocr_line' id='line_1_31' title="bbox 206 2805 2153 2886; baseline -0.002 -19"><span class='ocrx_word' id='word_1_237' title='bbox 206 2807 507 2867; x_wconf 83' lang='lat' dir='ltr'>sententia</span> <span class='ocrx_word' id='word_1_238' title='bbox 541 2821 619 2867; x_wconf 90' lang='lat' dir='ltr'>et</span> <span class='ocrx_word' id='word_1_239' title='bbox 666 2807 860 2867; x_wconf 90' lang='lat' dir='ltr'>libera</span> <span class='ocrx_word' id='word_1_240' title='bbox 906 2806 1228 2867; x_wconf 89' lang='lat' dir='ltr'>voluntate</span> <span class='ocrx_word' id='word_1_241' title='bbox 1276 2806 1483 2866; x_wconf 89' lang='lat' dir='ltr'>summi</span> <span class='ocrx_word' id='word_1_242' title='bbox 1515 2805 1832 2886; x_wconf 84' lang='lat' dir='ltr'>pontificiS‚</span> <span class='ocrx_word' id='word_1_243' title='bbox 1879 2819 2022 2865; x_wconf 89' lang='lat' dir='ltr'>tunc</span> <span class='ocrx_word' id='word_1_244' title='bbox 2060 2806 2153 2864; x_wconf 75' lang='lat' dir='ltr'>di-&#39;</span> 
     </span>
     <span class='ocr_line' id='line_1_32' title="bbox 207 2893 2149 2975; baseline -0.001 -20"><span class='ocrx_word' id='word_1_245' title='bbox 207 2898 444 2956; x_wconf 90' lang='lat' dir='ltr'>mittam</span> <span class='ocrx_word' id='word_1_246' title='bbox 493 2898 850 2975; x_wconf 89' lang='lat' dir='ltr'>opinionem</span> <span class='ocrx_word' id='word_1_247' title='bbox 897 2917 1100 2955; x_wconf 91' lang='lat' dir='ltr'>meam</span> <span class='ocrx_word' id='word_1_248' title='bbox 1134 2896 1505 2974; x_wconf 88' lang='lat' dir='ltr'>captivando</span> <span class='ocrx_word' id='word_1_249' title='bbox 1541 2893 1913 2955; x_wconf 89' lang='lat' dir='ltr'>intellectum</span> <span class='ocrx_word' id='word_1_250' title='bbox 1944 2914 2149 2954; x_wconf 89' lang='lat' dir='ltr'>meum</span> 
     </span>
     <span class='ocr_line' id='line_1_33' title="bbox 208 2984 1372 3065; baseline -0.003 -20"><span class='ocrx_word' id='word_1_251' title='bbox 208 2985 266 3045; x_wconf 91' lang='lat' dir='ltr'>in</span> <span class='ocrx_word' id='word_1_252' title='bbox 313 2984 669 3065; x_wconf 88' lang='lat' dir='ltr'>obsequium</span> <span class='ocrx_word' id='word_1_253' title='bbox 716 2985 920 3044; x_wconf 91' lang='lat' dir='ltr'>vicarii</span> <span class='ocrx_word' id='word_1_254' title='bbox 966 2984 1097 3063; x_wconf 88' lang='lat' dir='ltr'>Jesu</span> <span class='ocrx_word' id='word_1_255' title='bbox 1148 2984 1372 3046; x_wconf 89' lang='lat' dir='ltr'>Christi.</span> 
     </span>
    </p>
   </div>
   <div class='ocr_carea' id='block_1_4' title="bbox 775 3130 1575 3210">
    <p class='ocr_par' dir='ltr' id='par_1_4' title="bbox 775 3130 1575 3210">
     <span class='ocr_line' id='line_1_34' title="bbox 775 3130 1575 3210; baseline -0.003 -17"><span class='ocrx_word' id='word_1_256' title='bbox 775 3130 1138 3210; x_wconf 75' lang='lat' dir='ltr'>QUINTUS</span> <span class='ocrx_word' id='word_1_257' title='bbox 1199 3133 1575 3194; x_wconf 81' lang='lat' dir='ltr'><strong>PUNCTUS.</strong></span> 
     </span>
    </p>
   </div>
   <div class='ocr_carea' id='block_1_5' title="bbox 205 3247 2148 3593">
    <p class='ocr_par' dir='ltr' id='par_1_5' title="bbox 205 3247 2148 3593">
     <span class='ocr_line' id='line_1_35' title="bbox 385 3247 2147 3328; baseline 0 -20"><span class='ocrx_word' id='word_1_258' title='bbox 385 3250 648 3326; x_wconf 77' lang='lat' dir='ltr'>Quintus</span> <span class='ocrx_word' id='word_1_259' title='bbox 706 3249 969 3310; x_wconf 55' lang='lat' dir='ltr'>Punfftus</span> <span class='ocrx_word' id='word_1_260' title='bbox 1030 3249 1230 3310; x_wconf 65' lang='lat' dir='ltr'>diCtae</span> <span class='ocrx_word' id='word_1_261' title='bbox 1289 3248 1692 3328; x_wconf 78' lang='lat' dir='ltr'>responsionis</span> <span class='ocrx_word' id='word_1_262' title='bbox 1749 3247 1842 3307; x_wconf 67' lang='lat' dir='ltr'>&#39;est</span> <span class='ocrx_word' id='word_1_263' title='bbox 1901 3248 1960 3306; x_wconf 92' lang='lat' dir='ltr'>in</span> <span class='ocrx_word' id='word_1_264' title='bbox 2024 3268 2147 3327; x_wconf 90' lang='lat' dir='ltr'>quo</span> 
     </span>
     <span class='ocr_line' id='line_1_36' title="bbox 206 3335 2147 3419; baseline -0.002 -21"><span class='ocrx_word' id='word_1_265' title='bbox 206 3338 414 3399; x_wconf 89' lang='lat' dir='ltr'>nititur</span> <span class='ocrx_word' id='word_1_266' title='bbox 459 3336 726 3419; x_wconf 85' lang='lat' dir='ltr'>glossare</span> <span class='ocrx_word' id='word_1_267' title='bbox 776 3340 1083 3418; x_wconf 89' lang='lat' dir='ltr'>quaedam</span> <span class='ocrx_word' id='word_1_268' title='bbox 1119 3338 1262 3417; x_wconf 92' lang='lat' dir='ltr'>jura</span> <span class='ocrx_word' id='word_1_269' title='bbox 1310 3359 1470 3417; x_wconf 88' lang='lat' dir='ltr'>quae</span> <span class='ocrx_word' id='word_1_270' title='bbox 1518 3337 1802 3397; x_wconf 89' lang='lat' dir='ltr'>videntur</span> <span class='ocrx_word' id='word_1_271' title='bbox 1831 3356 1982 3395; x_wconf 90' lang='lat' dir='ltr'>suae</span> <span class='ocrx_word' id='word_1_272' title='bbox 2015 3335 2147 3396; x_wconf 86' lang='lat' dir='ltr'>sen-</span> 
     </span>
     <span class='ocr_line' id='line_1_37' title="bbox 205 3423 2147 3508; baseline -0.003 -20"><span class='ocrx_word' id='word_1_273' title='bbox 205 3427 437 3488; x_wconf 84' lang='lat' dir='ltr'>tentiae</span> <span class='ocrx_word' id='word_1_274' title='bbox 485 3447 855 3508; x_wconf 86' lang='lat' dir='ltr'>repugnare.</span> <span class='ocrx_word' id='word_1_275' title='bbox 945 3427 1028 3486; x_wconf 91' lang='lat' dir='ltr'>Et</span> <span class='ocrx_word' id='word_1_276' title='bbox 1074 3427 1273 3505; x_wconf 92' lang='lat' dir='ltr'>primo</span> <span class='ocrx_word' id='word_1_277' title='bbox 1322 3427 1490 3498; x_wconf 84' lang='lat' dir='ltr'>dicit,</span> <span class='ocrx_word' id='word_1_278' title='bbox 1548 3425 1718 3505; x_wconf 89' lang='lat' dir='ltr'>quod</span> <span class='ocrx_word' id='word_1_279' title='bbox 1754 3423 1924 3502; x_wconf 83' lang='lat' dir='ltr'>jura,</span> <span class='ocrx_word' id='word_1_280' title='bbox 1988 3444 2147 3504; x_wconf 90' lang='lat' dir='ltr'>quae</span> 
     </span>
     <span class='ocr_line' id='line_1_38' title="bbox 206 3512 2148 3593; baseline -0.003 -16"><span class='ocrx_word' id='word_1_281' title='bbox 206 3515 428 3586; x_wconf 75' lang='lat' dir='ltr'>dicunt,</span> <span class='ocrx_word' id='word_1_282' title='bbox 481 3516 649 3593; x_wconf 90' lang='lat' dir='ltr'>quod</span> <span class='ocrx_word' id='word_1_283' title='bbox 699 3514 950 3574; x_wconf 89' lang='lat' dir='ltr'>concilia</span> <span class='ocrx_word' id='word_1_284' title='bbox 982 3536 1097 3593; x_wconf 92' lang='lat' dir='ltr'>per</span> <span class='ocrx_word' id='word_1_285' title='bbox 1128 3516 1307 3575; x_wconf 89' lang='lat' dir='ltr'>Rom.</span> <span class='ocrx_word' id='word_1_286' title='bbox 1340 3513 1652 3574; x_wconf 74' lang='lat' dir='ltr'>ecclesiam</span> <span class='ocrx_word' id='word_1_287' title='bbox 1682 3512 1832 3572; x_wconf 90' lang='lat' dir='ltr'>fiunt</span> <span class='ocrx_word' id='word_1_288' title='bbox 1865 3525 1928 3572; x_wconf 92' lang='lat' dir='ltr'>et</span> <span class='ocrx_word' id='word_1_289' title='bbox 1959 3512 2148 3572; x_wconf 87' lang='lat' dir='ltr'>robur·</span> 
     </span>
    </p>
   </div>
  </div>
 </body>
</html>
