2352 3808
1181 116 1251 169 22

237 295 655 375 sequentibuS,
715 315 977 375 quorum
1037 296 1298 373 primum
1345 294 1420 354 fic
1466 296 1682 355 habet:
1738 295 1897 355 Sunt
1943 296 2190 376 quidam

239 386 532 458 dicenteS,
591 403 852 444 romano
913 382 1184 462 pontifici
1242 382 1483 462 semper
1530 383 1747 443 licuisse
1797 404 1993 444 novas
2041 406 2188 446 con-

239 475 389 534 dere
448 472 655 555 legeS,
716 474 885 552 quod
934 493 1048 533 nos
1098 490 1224 531 non
1279 471 1470 531 solum
1519 492 1643 532 non
1703 494 2033 554 negamUS,
2087 474 2190 535 sed

240 564 427 623 etiam
459 561 641 622 valde
675 561 1063 621 affirmamus
1119 561 1451 621 Sciendum
1483 582 1635 621 vero
1669 562 2056 641 summopere
2089 563 2189 638 est,

240 666 535 732 quantum
598 650 739 710 inde
811 669 1007 710 novas
1078 649 1255 732 leges
1328 651 1672 711 concedere
1739 651 1956 730 potest,
2027 653 2189 713 unde

241 739 657 826 evangelistae
728 738 954 819 aliquid
1025 760 1418 820 nequaquam
1488 740 1795 800 dixerunt:
1867 741 1967 800 ubi
2035 760 2189 800 vero

241 843 460 909 aperte
519 830 802 889 dominus
838 828 950 888 -vel
1001 829 1132 908 ejus
1194 827 1451 908 apostoli
1500 842 1563 888 et
1611 850 1722 890 eos
1781 829 2108 909 sequentes
2156 830 2190 889 s.

239 932 451 998 patres
485 916 926 978 sententialiter
959 917 1183 998 aliquid
1231 917 1619 990 diffinierunt,
1668 919 1746 977 ibi
1786 939 1933 978 non·
1960 938 2189 979 novam

240 1007 449 1089 legem
496 1026 788 1067 romanus
837 1008 1116 1086 pontifex
1164 1007 1331 1080 dare,
1382 1006 1485 1066 sed
1532 1008 1737 1086 potius
1787 1009 1957 1087 quod
2004 1028 2188 1087 prae—

240 1098 504 1157 dicatum
565 1097 649 1156 est
706 1118 901 1175 usque
961 1097 1041 1155 ad
1107 1097 1371 1155 animam
1431 1110 1494 1155 et
1553 1096 1910 1178 sanguinem
1969 1097 2188 1162 confir-

165 1238 167 1241 .
240 1206 411 1244 mare
445 1186 649 1246 debet.
719 1186 784 1245 Si
819 1186 996 1255 enim,
1046 1186 1216 1265 quod
1265 1186 1606 1245 docuerunt
1653 1183 1911 1264 apostoli
1946 1199 2009 1245 et
2041 1206 2189 1266 pro-

240 1275 488 1353 phetae,
522 1273 852 1348 destruere,
895 1275 1062 1354 quod
1097 1273 1262 1348 abslt,
1311 1276 1624 1348 niteretur,
1673 1295 1798 1336 non
1831 1273 2192 1335 sententiam

240 1365 407 1435 dare,
454 1363 557 1423 sed
605 1365 803 1445 magis
855 1384 1065 1423 errare
1114 1364 1611 1441 convinceretur3
1660 1363 1762 1423 sed
1809 1364 1928 1423 hoc
1974 1363 2189 1444 procul

239 1452 304 1511 fit
338 1453 416 1512 ab
451 1454 538 1512 eis
573 1454 673 1532 qui
713 1452 954 1531 semper
1001 1453 1230 1512 domini
1280 1452 1590 1513 ecclesiam
1639 1466 1856 1513 contra
1903 1451 2189 1532 luporum

241 1542 474 1601 infidias
509 1543 743 1620 optime
779 1540 1203 1602 custodierunt.
1260 1542 1438 1601 Haec
1469 1543 1561 1601 ibi.
1616 1542 1711 1601 Ex
1744 1542 1960 1622 quibus
1994 1555 2188 1621 patet,

240 1632 409 1710 quod
456 1630 594 1690 satis
643 1630 864 1691 leviter
897 1631 1100 1712 arguit
1132 1629 1431 1711 glossator
1463 1632 1779 1710 praefatus
1812 1630 1992 1710 super
2022 1628 2187 1692 dicto

239 1741 283 1778 e.
331 1718 591 1802 legimus
639 1720 844 1780 XCIII.
892 1718 1041 1793 dist,
1102 1721 1352 1799 quando
1401 1720 1689 1780 subinfert
1738 1733 2188 1801 argumentum,

240 1810 409 1887 quod
441 1808 726 1869 statutum
761 1809 992 1868 concilii
1026 1809 1409 1887 praejudicat
1441 1809 1663 1870 statuto
1698 1830 1922 1888 papae,
1969 1810 2007 1869 fi
2042 1829 2189 1870 con-

240 1897 514 1957 tradicat.
583 1899 803 1971 Primo,
853 1899 994 1977 quia
1026 1899 1144 1957 hoc
1177 1918 1301 1957 non
1349 1897 1613 1977 sequitur
1646 1919 1722 1956 ex
1753 1899 1959 1958 verbis
2006 1919 2190 1977 prae-

240 1985 414 2045 misfis
466 1986 787 2067 Gregorii,
836 1988 976 2066 quia
1025 2007 1149 2046 non
1198 1985 1466 2066 loquitur
1513 1988 1591 2045 de
1640 1986 1899 2058 statutiS,
1959 1986 2063 2046 sed
2110 1988 2190 2047 de

241 2073 787 2149 consuetudinibuS,
837 2097 950 2134 nec
997 2074 1265 2155 loquitur
1312 2077 1391 2135 de
1440 2073 1694 2135 concilio
1743 2074 2040 2156 generali,
2087 2075 2189 2135 sed

241 2165 318 2223 de
368 2163 625 2223 ecclesiis
676 2179 849 2224 extra
898 2165 1114 2224 urbem
1149 2178 1212 2223 et
1244 2165 1323 2224 de
1368 2164 1483 2224 hac
1530 2164 1777 2223 eccles1a
1823 2163 2188 2242 particulari,

241 2273 400 2332 quae
450 2252 534 2312 est
579 2253 613 2312 s.
645 2254 807 2312 Petri
847 2253 945 2312 vel
979 2254 1269 2313 Laterani
1318 2254 1375 2311 in
1425 2254 1576 2313 urbe
1626 2274 1786 2332 quae
1833 2253 2037 2332 potest
2080 2254 2188 2313 ha-

241 2343 391 2401 bere
439 2341 572 2401 suas
621 2342 1087 2402 consuetudines
1141 2340 1268 2401 aliis
1319 2341 1576 2401 ecclefiis
1625 2342 1991 2402 habentibus
2039 2342 2189 2414 suaS,

241 2431 528 2508 quamdiu
592 2432 878 2509 princeps
945 2431 1110 2491 orbis
1174 2431 1293 2491 hoc
1355 2429 1651 2491 disfimilat
1716 2444 1778 2490 et
1840 2431 2071 2509 patitur
2131 2432 2187 2490 in

241 2519 477 2578 residuo
528 2520 703 2597 ipsius
755 2520 939 2592 orbis,
987 2521 1155 2599 quod
1190 2521 1247 2578 in
1281 2520 1395 2579 hac
1442 2533 1622 2598 parte
1655 2518 1784 2579 vult
1824 2521 1944 2579 esse
1992 2519 2189 2598 majus

240 2608 391 2667 urbe
451 2610 660 2686 quoad
709 2629 821 2668 eos
882 2622 1120 2668 tantum
1168 2609 1268 2688 qui
1317 2622 1380 2668 et
1428 2609 1676 2688 quando
1735 2607 1866 2668 sunt
1914 2609 1971 2667 in
2019 2609 2188 2680 urbe,

242 2710 304 2755 et
352 2696 471 2756 hoc
519 2718 843 2776 quousque
893 2697 993 2756 fibi
1041 2696 1367 2775 placuerit,
1425 2696 1601 2757 aliter
1647 2697 1959 2770 ordinare,
2017 2698 2187 2756 vide-

242 2784 381 2843 licet
440 2786 795 2845 mandando
858 2799 920 2845 et
978 2786 1328 2859 statuendO,
1389 2788 1559 2866 quod
1618 2784 1755 2845 talis
1815 2785 2187 2846 consuetudo

242 2873 404 2931 urbis
452 2872 725 2934 servetur
771 2896 885 2953 per
934 2875 1152 2934 orbem
1199 2876 1423 2955 ubique
1471 2874 1767 2948 locorum,
1816 2888 1880 2934 et
1926 2888 2068 2935 tunc
2108 2894 2187 2934 eo

242 2959 406 3030 facto
457 2962 620 3021 urbis
681 2963 808 3035 (fic)
868 2963 1069 3042 major
1117 2964 1200 3023 est
1258 2965 1427 3025 orbe.
1518 2965 1671 3023 Item
1730 2963 2193 3035 concordantia,-

242 3070 426 3128 quam
473 3051 718 3111 adducit
766 3051 887 3130 ipse
935 3050 1233 3133 glossator
1264 3074 1381 3132 pro
1414 3053 1536 3113 hoc
1575 3065 1963 3134 argumento,
2002 3049 2186 3111 videl.

241 3137 340 3196 IX.
400 3161 496 3218 qu.
553 3139 639 3199 III.
673 3141 917 3213 Nemo,
977 3140 1116 3201 nihil
1177 3143 1256 3201 ad
1314 3142 1722 3221 propositum,
1780 3140 2047 3220 quinimo
2107 3140 2187 3199 ad

244 3227 605 3304 oppositum,
662 3229 803 3308 quia
849 3229 927 3295 ibi
976 3231 1251 3308 expresse
1299 3231 1528 3303 dicitur,
1577 3230 1744 3309 quod
1791 3249 1957 3308 papa
1999 3249 2036 3287 a
2078 3250 2186 3288 ne-

243 3314 402 3373 mine
441 3314 763 3392 judicatur,
812 3339 1014 3398 neque
1065 3319 1252 3378 etiam
1285 3320 1363 3379 ab
1401 3319 1566 3380 omni
1613 3315 1796 3391 clerO,
1843 3318 2013 3396 quod
2060 3337 2185 3377 non

241 3400 640 3481 fingulariter-
669 3404 768 3464 vel
827 3407 1095 3480 divisive,
1155 3408 1257 3468 sed
1315 3405 1695 3489 generaliter
1749 3419 1812 3466 et
1865 3404 2184 3466 collestive

244 3490 407 3568 capit
455 3491 679 3551 ibidem
710 3492 923 3572 glossa,
970 3494 1148 3555 videl.
1180 3517 1296 3574 pro
1347 3494 1604 3568 concilio⁴
1647 3493 1940 3574 generali.
2006 3494 2184 3553 Unde
