2352 3808
1178 153 1251 205 30

240 327 544 407 potestate
591 327 919 387 secundum
967 326 1155 406 ipsum
1204 328 1379 406 ipsius
1414 328 1646 388 concilii
1680 330 1999 408 dependet
2045 352 2186 391 auc-

240 418 472 477 toritas,
534 417 686 476 Item
734 428 911 495 patet
945 416 1130 475 etiam
1172 416 1327 475 haec
1376 416 1674 478 conclufio
1725 439 1802 477 ex
1835 418 1970 491 hoc,
2018 421 2186 499 quod

239 507 412 585 ponit
444 505 479 565 s.
511 505 788 564 Thomas
838 505 894 563 in
929 503 1380 584 quaestionibus
1429 506 1507 565 de
1556 505 1834 586 quolibet
1883 506 2187 586 quotlibet

237 596 330 654 IV.
369 594 661 675 qu.X111.,
710 594 811 652 ubi
859 594 1016 666 dicit,
1067 594 1235 672 quod
1284 595 1342 653 in
1390 593 1526 655 solis
1578 596 1668 655 his
1718 616 1878 675 quae
1927 595 2059 655 sunt
2105 597 2184 657 de

238 683 381 766 lege
445 696 701 743 naturae
766 696 828 742 et
892 683 949 740 in
1014 681 1278 742 articulis
1342 682 1482 742 fidei
1546 697 1610 743 et
1672 685 1730 743 in
1795 684 2184 744 sacramentis

239 793 438 833 novae
498 771 657 852 legis
717 792 884 850 papa
942 771 1285 850 dispensare
1346 791 1470 831 non
1528 773 1758 852 potest3
1820 775 1875 832 in
1937 774 2183 853 quibus-

237 882 472 941 cunque
532 874 741 920 autem
809 881 923 939 per
981 859 1291 920 ecclesiam
1348 861 1448 920 vel
1512 861 1832 940 praelatos
1897 862 2183 923 ecclesiae

237 950 507 1010 institutis
557 963 620 1009 et
677 949 1058 1031 generaliter
1113 950 1170 1007 in
1220 950 1500 1010 omnibus
1551 950 1680 1010 aliis
1737 972 1897 1031 quae
1947 969 2024 1011 ex
2071 952 2182 1011 hu-

235 1061 417 1099 mana
456 1038 821 1099 institutione
870 1039 1307 1117 processerunt,
1356 1039 1696 1119 dispensare
1730 1039 1945 1118 potest.
2008 1041 2183 1100 Haec

236 1128 347 1188 ille.
408 1128 503 1187 Ex
537 1128 753 1207 quibus
799 1128 1081 1187 omnibus
1130 1127 1490 1207 relinquitur
1538 1142 1768 1197 notum,
1817 1129 1987 1210 quod
2035 1149 2179 1190 con-

235 1216 428 1277 cilium
460 1216 760 1299 generale
797 1238 920 1277 non
954 1218 1155 1295 potest
1191 1218 1462 1277 condere
1512 1216 1721 1300 legem
1769 1217 2035 1298 aliquam
2067 1239 2182 1298 per

234 1328 415 1386 quam
471 1307 815 1388 derogetur
874 1305 1161 1385 potestati
1217 1327 1450 1385 papae,
1510 1307 1696 1386 ipsam
1755 1306 2178 1389 restringendo

234 1394 329 1454 vel
364 1396 420 1454 in
455 1394 659 1475 aliquo
695 1396 1170 1455 dimminuendo.
1233 1396 1463 1473 Quodsi
1499 1397 1734 1456 dicatur
1765 1409 2001 1469 contra,
2038 1396 2179 1476 quia

234 1485 290 1543 in
338 1483 637 1566 aliquibus
687 1485 1020 1544 canonibus
1071 1485 1399 1555 invenitur,
1442 1486 1629 1566 quod
1685 1484 1936 1546 concilia
1984 1486 2177 1545 dede-

225 1587 370 1661 runt
418 1574 745 1653 primatum
806 1595 1036 1652 papae,
1097 1574 1215 1634 hoc
1263 1574 1454 1633 debet
1502 1573 1755 1656 intelligi
1803 1572 2178 1643 secundariO,

230 1664 370 1742 quia
416 1663 704 1742 primarie
762 1663 951 1722 habet
1007 1664 1335 1742 primatum
1384 1685 1420 1722 a
1470 1663 1732 1734 Christo,
1792 1677 1858 1722 ut
1904 1662 2178 1723 declarat

228 1750 424 1833 glossa
478 1751 657 1831 super
704 1752 899 1811 verbo
948 1751 1275 1811 voluerunt
1332 1753 1388 1811 in
1438 1775 1483 1812 c.
1531 1753 1759 1812 dudum
1806 1753 1891 1811 ΙΙΙ.
1939 1775 2035 1833 qu.
2083 1752 2177 1812 VI.

230 1863 363 1900 cum
421 1840 533 1900 suis
594 1842 1062 1901 concordantiis.
1140 1840 1255 1900 Vel
1317 1840 1465 1900 alias
1521 1841 1846 1901 secundum
1905 1855 2178 1902 mentem

231 1930 462 1989 Hervei
496 1930 613 1990 hoc
646 1929 731 1989 est
763 1929 1226 2012 intelligendum
1260 1929 1650 2001 declarative,
1700 1950 1823 1990 non
1873 1929 2176 1997 collative,

155 2019 159 2024 ’
229 2019 370 2098 quia
401 2018 579 2079 videl.
613 2017 864 2079 concilia
911 2018 1383 2079 declaraverunt
1418 2033 1481 2079 et
1513 2019 1898 2092 diffinierunt,
1946 2039 2176 2099 papam

229 2108 459 2167 habere
519 2109 846 2186 primatum
905 2108 1082 2187 super
1142 2122 1341 2168 totam
1401 2108 1725 2168 ecclefiam.
1802 2109 1946 2168 Non
2006 2109 2175 2189 quod

229 2195 417 2256 talem
451 2198 778 2275 primatum
813 2196 935 2275 ipsa
968 2195 1220 2258 concilia
1252 2197 1639 2270 contulerint,
1689 2219 1849 2277 quae
1890 2198 2173 2280 quicquid

228 2284 594 2351 existentiae,
645 2286 887 2346 roboris
921 2284 1019 2346 vel
1041 2286 1290 2364 ¹virtutis
1325 2287 1687 2355 habuerunt,
1736 2287 1814 2346 ab
1847 2286 1972 2365 ipso
2007 2307 2174 2366 papa

226 2374 634 2454 susceperunt.
699 2375 886 2451 Quod
934 2375 1095 2434 bene
1145 2376 1407 2435 innuitur
1444 2377 1500 2435 in
1550 2375 1674 2454 ipso
1709 2375 1903 2435 verbo
1939 2374 2171 2436 Volue-

226 2476 379 2523 runt.
442 2464 524 2522 Et
571 2462 656 2524 est
703 2462 838 2523 talis
887 2465 1106 2525 modus
1157 2463 1467 2544 loquendi,
1516 2486 1587 2524 ac
1619 2464 1655 2523 fi
1690 2463 1872 2544 aliqui
1914 2486 1991 2523 ex
2023 2485 2170 2526 con-

227 2552 510 2612 fratribus
560 2553 709 2612 meis
758 2553 1121 2634 ignorantes
1169 2552 1268 2612 vel
1328 2553 1695 2614 haesitantes
1744 2574 1938 2632 penes
1986 2573 2170 2633 quem

226 2642 375 2702 esset
410 2641 512 2720 jus
560 2655 844 2721 papatuS,
899 2641 1133 2702 vellent
1180 2663 1278 2701 me
1327 2642 1559 2702 habere
1616 2643 1673 2700 in
1720 2662 1966 2721 papam.
2026 2641 2168 2730 Ego

224 2729 410 2790 sciens
450 2730 552 2809 jus
600 2744 866 2810 papatus
915 2731 1056 2790 mihi
1105 2751 1227 2790 non
1277 2731 1651 2804 incumbere,
1700 2731 1991 2804 dicerem
2041 2749 2168 2827 ego

226 2818 386 2880 nolo
422 2820 541 2879 esse
590 2841 773 2899 papa,
821 2819 924 2879 sed
960 2840 1075 2880 vos
1108 2817 1254 2880 volo
1304 2820 1535 2880 habere
1585 2818 1772 2880 talem
1817 2820 1874 2879 in
1921 2840 2168 2899 papam,

225 2929 407 2989 quem
454 2907 630 2968 videl
679 2907 793 2968 scio
854 2908 1087 2968 habere
1136 2907 1239 2987 jus
1290 2922 1572 2988 papatus
1634 2910 1715 2968 Et
1763 2921 1970 2969 tamen
2019 2928 2165 2968 con-

224 2997 349 3070 stat,
398 2998 567 3077 quod
614 3018 729 3076 per
760 2998 1017 3057 verbum
1048 2996 1195 3058 volo
1246 2997 1385 3056 nihil
1425 2997 1577 3077 juris
1612 2998 1711 3058 fibi
1745 2997 2016 3069 confero,
2063 2995 2166 3056 sed

224 3087 392 3166 quod
438 3086 539 3146 fibi
587 3085 830 3146 aliunde
879 3084 1167 3147 collatum
1217 3086 1316 3158 est,
1365 3086 1744 3168 recognosco
1794 3099 1858 3145 et
1889 3084 2036 3146 volo
2085 3085 2164 3144 ab

225 3175 290 3234 iis
339 3174 711 3255 recognosci,
760 3187 826 3234 ut
873 3173 1086 3234 tollam
1135 3196 1352 3235 eorum
1400 3196 1692 3236 errorem.
1768 3175 1980 3254 ItaqUe
2029 3194 2165 3234 cum

224 3261 404 3342 aliqui
451 3261 747 3323 hactenus
784 3264 1153 3336 dubitarent,
1200 3262 1299 3323 vel
1337 3264 1617 3324 dubitare
1665 3264 1921 3343 possent,
1967 3283 2163 3343 penes

223 3372 406 3431 quem
453 3351 867 3430 principaliter
913 3352 1206 3412 refideret
1252 3354 1547 3430 primatus
1596 3350 1899 3424 ecclesiae,
1948 3350 2161 3412 nolue-

222 3452 362 3500 runt
408 3440 464 3499 ss.
511 3453 724 3518 pat-res
772 3441 929 3500 hunc
976 3442 1140 3501 credi
1189 3442 1309 3501 esse
1357 3462 1552 3520 penes
1600 3440 1722 3519 ipsa
1769 3439 2055 3514 concilia,
2095 3453 2162 3500 ut

222 3526 402 3609 aliqui
449 3529 776 3607 putabant,
825 3529 925 3589 sed
973 3549 1365 3610 penes3rom.
1414 3529 1619 3589 sedem
1665 3528 1762 3588 vel
1812 3529 2158 3607 ipsum-›do-
