2352 3808
1203 117 1277 170 54

260 296 385 368 fuit,
443 315 604 374 quae
653 308 796 354 tunc
844 293 1050 354 claves
1099 296 1350 373 accepit.
1441 295 1571 355 Sed
1618 295 1702 354 est
1748 296 2214 370 advertendum,

261 384 431 463 quod
493 381 693 443 multis
757 383 956 443 modis
1019 383 1221 462 potest
1283 381 1497 463 aliquis
1558 404 1751 465 agere
1810 382 1910 443 vel
1969 387 2097 462 pati
2154 387 2212 445 in

261 471 526 551 persona
575 471 840 531 alterius,
932 473 1074 532 Uno
1123 472 1314 531 modo
1362 493 1478 550 per
1522 473 1776 531 modum
1830 474 2213 550 procuratio—

261 562 369 634 niS‚
417 562 559 620 ficut
606 559 780 619 miles
829 561 991 639 capit
1038 559 1447 619 investituram
1494 559 1742 639 alicujus
1792 561 1959 620 castri
1993 582 2028 620 a
2059 583 2214 643 rege

261 650 320 708 in
368 649 632 728 persona
680 649 947 708 scutiferi
994 648 1101 721 sui,
1161 670 1345 728 quern
1392 648 1558 708 suum
1604 648 1945 730 legitimum
1991 668 2214 728 procu-

260 750 537 798 ratorem
595 738 778 796 mittit
835 739 917 797 ad
979 758 1198 818 regem
1256 758 1373 815 pro
1433 736 1597 796 dista
1645 737 1991 798 investitura
2036 737 2214 799 susci-

261 816 507 905 pienda,
556 827 648 885 cui
697 847 806 885 rex
854 825 1100 885 anulum
1148 825 1533 885 investiturae
1568 827 1808 886 confert
1840 826 1981 887 loco
2016 826 2215 887 militis

263 914 544 987 absentiS‚
596 927 659 974 et
707 928 916 974 tamen
965 916 1044 974 de
1093 913 1400 993 potestate
1435 915 1663 973 domini
1696 913 1839 974 dieti
1872 916 2041 975 castri
2074 914 2215 975 nihil

263 1004 602 1083 adquiritur
649 1003 751 1082 ipfi
799 1003 1099 1075 scutifero,
1147 1002 1250 1062 sed
1298 1016 1436 1063 tota
1481 1004 1865 1063 transfertur
1897 1025 1934 1062 a
1965 1025 2121 1084 rege
2158 1005 2215 1064 in

262 1091 516 1152 militem
586 1093 644 1151 in
714 1092 980 1170 persona
1048 1105 1287 1151 tantum
1346 1093 1782 1169 procuratoris.
1873 1092 1974 1152 Sic
2031 1094 2217 1152 etiam

263 1182 639 1261 quandoque
688 1182 820 1260 quis
880 1182 1043 1259 capit
1105 1201 1364 1240 uxorem
1412 1181 1470 1239 in
1518 1180 1781 1258 persona
1829 1179 2079 1241 alterius
2127 1182 2215 1241 in—

261 1270 442 1330 stituti
489 1270 912 1348 procuratoris
961 1271 1041 1329 ad
1087 1270 1574 1347 promittendum
1619 1282 1683 1328 et
1715 1269 2217 1347 desponsandum.

261 1359 343 1418 Et
389 1359 510 1417 hoc
556 1359 747 1418 modo
797 1379 923 1418 non
973 1358 1056 1417 est
1088 1359 1429 1430 dicendum,
1478 1359 1646 1437 quod
1681 1356 1928 1417 ecclesla
1959 1358 2219 1438 suscepit

264 1446 470 1507 claves
535 1448 592 1505 in
655 1447 919 1525 persona
981 1447 1144 1506 Petri
1209 1447 1307 1505 nifi
1377 1445 1674 1506 vellemus
1746 1447 1978 1520 dicere,
2050 1449 2219 1528 quod

261 1537 478 1596 Petrus
528 1536 586 1594 in
633 1535 692 1595 se
741 1556 866 1595 non
914 1536 1126 1595 habuit
1172 1532 1546 1613 potestatem
1595 1534 1878 1608 clavium,
1939 1558 2051 1596 nec
2109 1537 2219 1599 fuit

172 1635 173 1638 ’
263 1623 585 1703 episcopus
646 1645 848 1703 neque
907 1645 1103 1702 papa3
1168 1645 1282 1682 nec
1328 1624 1530 1702 potuit
1575 1623 1811 1683 solvere
1861 1646 1975 1684 nec
2021 1624 2216 1706 ligare

262 1734 377 1793 per
423 1712 701 1791 seipsum,
760 1713 903 1772 ficut
951 1733 1154 1793 neque
1202 1711 1550 1790 hujusmodi
1597 1727 1993 1790 procurator,
2049 1715 2219 1794 quod

265 1802 438 1862 nimis
489 1802 637 1860 esset
685 1801 1023 1861 absurdum.
1093 1801 1381 1861 Secundo
1432 1802 1621 1861 modo
1671 1802 1885 1880 recipit
1932 1803 2063 1882 quis
2113 1801 2218 1862 ali-

265 1891 409 1971 quid
456 1891 515 1949 in
562 1890 826 1968 persona
873 1889 1124 1949 alterius
1172 1911 1288 1968 per
1334 1890 1588 1949 modum
1635 1889 2024 1963 succesfioniS,
2078 1892 2221 1952 ficut

265 1978 366 2038 filii
428 1977 627 2038 militis
691 1979 750 2037 in
812 1977 1134 2057 praediffln
1200 1977 1333 2037 casu
1394 1991 1642 2037 mortuo
1707 1992 1888 2056 patre
1951 1980 2219 2039 retinent

257 2066 749 2148 jurisdictionem
796 2067 974 2145 super
1020 2067 1301 2127 homines
1351 2065 1493 2126 dicti
1527 2065 1711 2126 castri.
1771 2067 1854 2126 Et
1885 2068 2042 2127 hanc
2088 2069 2218 2148 qui-

267 2158 411 2217 dem
456 2156 781 2234 suscipiunt
829 2177 865 2215 a
912 2177 1067 2236 rege
1117 2176 1243 2215 non
1292 2156 1350 2213 in
1397 2155 1662 2233 persona
1708 2157 1978 2234 propria,
2026 2156 2220 2216 sedin

267 2244 531 2324 persona
587 2245 808 2323 patriS,
871 2266 1056 2323 quem
1114 2265 1224 2303 rex
1282 2262 1399 2322 pro
1449 2243 1507 2302 se
1557 2257 1620 2302 et
1666 2243 2091 2304 successoribus
2140 2246 2219 2304 ab

269 2355 348 2394 eo
397 2333 914 2393 descendentibus
963 2332 1273 2404 investivit,
1324 2345 1387 2391 et
1434 2333 1517 2391 ita
1550 2330 1650 2391 filii
1695 2331 1971 2406 filiorum,
2019 2335 2221 2393 donec

268 2444 379 2483 rex
438 2421 625 2481 talem
683 2420 1081 2480 collationem
1139 2420 1240 2479 vel
1301 2420 1710 2480 investituram
1769 2435 2052 2496 revocet,
2119 2420 2219 2482 vel

267 2511 553 2590 proprius
618 2511 675 2568 in
736 2509 869 2568 casu
930 2529 1055 2589 quo
1104 2522 1286 2588 pater
1333 2510 1392 2568 in
1438 2509 1702 2587 persona
1749 2512 2019 2588 propria,
2078 2511 2220 2570 ficut

268 2599 504 2677 saepius
564 2598 657 2671 fit,
717 2597 906 2658 talem
964 2619 1001 2657 a
1055 2619 1209 2679 rege
1259 2598 1665 2657 investituram
1712 2598 2056 2677 suscepisset
2101 2619 2217 2677 pro

269 2688 327 2747 se
377 2701 586 2746 tamen
635 2700 698 2746 et
745 2687 1128 2746 haeredibus,
1219 2687 1301 2745 Et
1348 2686 1454 2745 isto
1503 2687 1694 2746 modo
1743 2685 2064 2765 suscipiunt
2097 2685 2218 2746 cla-

269 2798 381 2835 ves
430 2797 467 2834 a
502 2775 735 2835 Christo
784 2775 1146 2834 successores
1194 2775 1356 2834 Petri
1405 2776 1461 2833 in
1510 2774 1650 2833 sede
1687 2775 2019 2852 pontificali
2051 2794 2219 2849 rom„

271 2865 371 2944 qui
418 2885 624 2942 papae
671 2877 987 2923 vocantur.
1035 2863 1271 2939 Quibus
1321 2863 1567 2942 quidem
1616 2884 1740 2923 non
1787 2863 1854 2922 fit
1898 2884 2062 2924 nova
2093 2862 2218 2923 col-

270 2952 418 3014 latio
469 2951 727 3011 clavium
774 2972 812 3010 a
861 2951 1123 3024 Christo,
1183 2951 1285 3010 sed
1333 2950 1463 3011 illas
1514 2952 1724 3029 eoipfo
1774 2972 1896 3031 quo
1944 2950 2218 3033 legitime

272 3038 453 3101 eleffti
499 3040 630 3099 sunt
677 3040 1000 3119 suscipiunt
1048 3061 1084 3099 a
1134 3040 1366 3100 Christo
1416 3041 1474 3099 in
1521 3039 1786 3117 persona
1830 3041 2006 3099 Petri.
2074 3040 2218 3100 Non

270 3130 346 3189 fic
393 3142 601 3189 autem
651 3128 736 3188 est
782 3129 861 3188 de
911 3127 1038 3187 aliis
1088 3127 1384 3207 episcopis
1434 3129 1534 3207 qui
1582 3148 1707 3188 non
1738 3127 1868 3187 sunt
1899 3129 2061 3187 Petri
2093 3126 2217 3187 suc-

272 3217 536 3277 cessores
586 3218 902 3290 ordinarii‚
962 3217 1064 3277 sed
1113 3215 1500 3277 collaterales
1550 3229 1615 3275 et
1662 3216 2057 3294 coadjutores
2104 3236 2217 3276 vo-

271 3303 532 3365 luntarie
582 3307 860 3385 assumpti
907 3306 986 3364 ad
1020 3326 1177 3384 opus
1211 3305 1510 3364 ministerii
1541 3302 1876 3383 pastoraliS,
1923 3304 2064 3364 ficut
2096 3303 2217 3382 ipse

273 3391 445 3453 miles
505 3406 569 3453 et
624 3392 726 3454 filii
775 3394 906 3477 ejus
944 3393 1183 3472 judices
1232 3392 1470 3454 balivos
1519 3406 1582 3452 et
1630 3405 1873 3452 ceteros
1924 3391 2216 3452 officiales

273 3482 354 3542 ad
411 3477 723 3540 subfidium
786 3483 1096 3563 regiminis
1154 3483 1396 3560 possunt
1454 3482 1779 3553 assumere,
1850 3482 1950 3560 qui
2008 3495 2216 3543 tamen
