2352 3808
1062 157 1132 209 39

98 335 314 399 ‘cilium
362 350 571 397 autem
618 334 918 419 generale
976 337 1138 396 bene
1187 336 1388 415 potest
1426 335 1649 415 juvare
1699 350 1762 396 et
1811 338 2080 418 dirigere

111 447 347 508 papam
394 427 451 487 in
500 425 599 486 usu
634 424 734 486 seu
777 426 1071 486 exercitio
1121 425 1471 504 hujusmodi
1520 423 1913 504 plenitudinis
1963 446 2079 506 po-

115 517 346 578 testatis
379 537 495 595 per
525 516 687 576 viam
736 514 968 574 consilii
1007 527 1070 575 et
1104 514 1474 587 avisamenti,
1524 514 1624 574 vel
1674 514 1833 574 hanc
1881 516 2077 575 direc-

63 668 66 669 t
116 607 351 667 tionem
383 603 586 684 potest
619 625 655 664 a
691 605 814 664 deo
867 605 1219 666 orationum
1266 603 1557 686 suffragio
1607 604 1946 683 impetrare
1979 605 2079 664 vel

114 715 346 775 papam
394 707 708 754 errantem
743 694 1085 753 admonere
1130 692 1333 772 potest
1379 691 1540 753 filiali
1589 695 1865 767 caritate,
1916 707 1979 753 et
2013 708 2079 754 ut

114 784 172 847 se
221 784 496 866 corrigat
543 784 778 843 devota
825 783 1102 843 instantia
1150 781 1530 862 propulsare,
1584 803 1709 843 non
1759 797 1970 844 autem
2019 785 2076 842 in

114 872 302 954 ipsum
339 871 832 952 jurisdictionem
881 871 1148 952 aliquam
1198 892 1517 942 exercere,
1576 873 1718 953 quia
1765 873 1884 932 hoc
1931 894 2076 952 per-

114 963 267 1023 tinet
313 960 419 1022 soli
452 962 595 1035 deo,
643 961 811 1041 cujus
847 961 932 1022 est
964 962 1352 1021 immediatus
1386 962 1660 1022 vicarius.
1720 962 1901 1022 Unde
1951 982 2075 1023 non

113 1051 421 1132 reperitur
468 1052 526 1111 in
560 1064 697 1112 tota
743 1050 895 1111 serie
943 1051 1274 1129 scripturae
1322 1049 1531 1111 sacrae
1581 1049 1918 1112 auctoritas
1968 1050 2075 1112 ali-

113 1162 262 1222 qua,
320 1162 399 1202 ex
456 1161 579 1221 qua
636 1140 778 1202 sane
839 1138 1151 1201 intelle&a
1211 1140 1426 1200 haberi
1484 1141 1714 1219 potest
1779 1141 2075 1202 Christum

112 1217 424 1291 contulisse
456 1229 902 1310 plenitudinem
923 1230 1256 1309 potestatis
1292 1228 1580 1291 ecclesiae
1622 1229 1941 1290 universali
1974 1230 2074 1291 vel

111 1319 392 1401 generali
439 1318 721 1393 concilio,
769 1319 874 1380 sed
920 1318 1027 1380 soli
1073 1320 1277 1379 Petro,
1354 1319 1436 1378 Et
1483 1320 1522 1379 fi
1571 1318 1788 1380 alicubi
1837 1321 2073 1399 reperi-

111 1423 283 1470 retur
339 1408 591 1490 aliquod
650 1369 879 1469 di'ctum
925 1409 1046 1470 hoc
1103 1408 1354 1482 sonam,
1414 1406 1775 1490 intelligitur
1834 1410 2072 1488 tropice

110 1496 316 1580 aliquo
376 1500 570 1560 modo
619 1511 684 1559 et
732 1498 1090 1579 aequivoce.
1168 1499 1331 1559 Nam
1380 1519 1458 1557 ex
1516 1499 1636 1559 hoc
1694 1498 2069 1579 sequeretur,

110 1589 280 1670 quod
328 1587 678 1648 universalis
728 1587 977 1648 ecclesia
1010 1586 1110 1648 vel
1160 1586 1478 1648 concilium
1525 1587 1825 1669 generale
1874 1589 2073 1668 posset

109 1678 168 1738 in
200 1698 433 1758 papam
456 1677 751 1758 judicium
783 1676 882 1738 vel
905 1675 1400 1757 jurisdictionem
1444 1676 1712 1758 aliquam
1761 1697 2071 1738 exercere.

770 1841 915 1900 VIII.
966 1841 1415 1902 CONCLusm.

111 1959 274 2029 Quod
322 1959 559 2028 potestas
600 1959 805 2028 papalis
855 1976 964 2011 non
1011 1958 1281 2027 dependet
1320 1977 1352 2011 a
1392 1959 1795 2027 quibuscunque
1835 1959 2071 2011 conciliis

291 2051 394 2087 nec
432 2034 503 2086 ab
549 2033 823 2086 universali
863 2034 1082 2086 ecclesia
1128 2051 1302 2102 neque
1351 2035 1511 2085 etiam
1551 2052 1583 2085 a
1622 2042 1737 2086 tota
1776 2035 2069 2086 communi-

293 2116 404 2162 tate
446 2109 881 2162 Christianorum.

241 2214 324 2275 Et
369 2212 511 2274 licet
557 2214 712 2274 haec
759 2212 1059 2274 conclufio
1107 2212 1246 2273 satis
1282 2227 1502 2293 patere
1539 2215 1741 2293 posset
1774 2234 1852 2274 ex
1883 2234 2069 2293 prae-

112 2303 303 2377 misfiS‚
351 2317 562 2363 tamen
609 2304 810 2363 adhuc
857 2302 1254 2365 confirmatur
1301 2305 1544 2364 ratione
1580 2316 1643 2363 et
1681 2301 2070 2364 auffiloritate.

112 2393 274 2452 Nam
319 2391 569 2465 constat,
617 2413 654 2452 a
687 2391 853 2452 nullo
901 2393 1073 2471 posse
1123 2393 1390 2452 conferri
1428 2394 1488 2453 id
1521 2394 1692 2473 quod
1724 2394 1887 2453 vires
1937 2391 2070 2471 ejus

111 2480 212 2542 vel
283 2482 702 2545 conditionem
761 2482 1029 2554 excedit,
1101 2503 1236 2542 cum
1295 2503 1481 2543 nemo
1543 2483 1650 2542 det
1716 2483 1886 2562 quod
1945 2501 2070 2542 non

112 2571 318 2631 habet.
393 2571 668 2631 Potestas
717 2584 926 2631 autem
984 2568 1225 2650 papalis
1275 2572 1354 2630 ad
1415 2570 1620 2651 aliqua
1665 2570 1726 2631 se
1775 2572 2069 2635 extendit,

112 2681 272 2741 quae
307 2661 558 2721 omnino
592 2660 923 2720 humanam
956 2660 1376 2721 conditionem
1410 2661 1732 2732 excedunt,
1778 2673 1843 2719 ut
1876 2660 2069 2721 intro-

112 2750 359 2810 mittere
406 2749 466 2810 se
499 2750 579 2810 de
627 2750 718 2809 his
767 2771 928 2831 quae
975 2749 1109 2809 sunt
1152 2749 1268 2810 fori
1316 2750 1515 2823 divini,
1564 2762 1630 2809 ut
1678 2747 1890 2828 culpas
1939 2750 2069 2829 qui-

113 2839 226 2899 bus
285 2839 439 2899 deus
496 2839 845 2912 offenditur,
894 2838 1204 2918 judicare,
1263 2859 1506 2918 poenas
1556 2840 1613 2898 in
1662 2839 1801 2899 foro
1862 2839 2070 2898 divino

113 2928 354 2989 debitas
402 2926 703 3002 relaxare,
751 2926 948 3010 ligare
983 2941 1048 2988 et
1080 2925 1320 2989 solvere
1365 2928 1425 2988 in
1459 2929 1597 2989 foro
1647 2926 2069 2998 conscientiae,

114 3017 282 3096 cujus
329 3015 488 3078 solus
537 3018 690 3077 deus
740 3015 825 3077 est
868 3016 1064 3095 judex
1111 3029 1175 3076 et
1222 3018 1526 3099 cognitor.
1595 3015 1810 3076 Nullus
1860 3030 2072 3077 autem

114 3105 294 3167 sanae
342 3107 564 3166 mentis
613 3107 791 3179 dicet,
839 3107 1010 3186 quod
1052 3106 1242 3167 homo
1277 3107 1635 3187 inquantum
1668 3106 1857 3166 homo
1892 3105 2071 3185 possit

105 3193 174 3255 ‘se
220 3196 631 3256 intromittere
680 3196 759 3255 de
807 3195 913 3255 his-
947 3215 1108 3276 quae
1147 3193 1289 3259 ,sunt
1325 3196 1442 3268 dei,
1490 3197 1850 3275 inquantum
1897 3195 2069 3267 deuS,

117 3295 182 3343 et
227 3305 342 3364 per
399 3284 778 3366 consequens
838 3305 952 3344 nec
1008 3282 1186 3344 alteri
1245 3285 1559 3358 conferre,
1618 3296 1685 3343 ut
1742 3282 1802 3343 se
1850 3284 1930 3344 de
1978 3284 2070 3343 his

117 3373 499 3446 intromittat,
558 3395 720 3454 quae
769 3373 977 3433 omnia
1030 3373 1172 3434 facit
1217 3393 1401 3453 papa.
1477 3373 1623 3433 Non
1680 3373 1867 3455 igitur
1913 3372 2070 3433 hanc

116 3459 487 3542 potestatem
531 3463 723 3523 habet
770 3462 850 3521 ab
898 3462 1164 3535 homine,
1211 3461 1316 3522 sed
1363 3483 1400 3522 a
1447 3462 1606 3522 de0.⁴
1650 3524 1655 3530 ,

249 3551 583 3611 Praeterea
617 3543 1037 3611 'communitas
1086 3552 1352 3610 humana
1385 3551 1465 3612 acl
1512 3549 1613 3611 illa
1644 3551 1704 3611 se
1738 3551 1930 3612 habet
1963 3571 2069 3610 ex-
