2352 3808
1186 142 1254 195 10

243 319 556 393 munitate,
603 318 706 379 sed
740 341 777 380 a
817 319 1164 399 principalis
1213 321 1442 381 domini
1491 322 1882 383 ordinatione
1931 336 1994 384 et
2041 344 2186 386 con—

243 407 516 469 cessione.
593 409 682 468 Ita
738 410 794 468 in
850 409 1196 488 propofitO,
1257 411 1398 489 quia
1447 411 1709 471 Christus
1769 412 2104 478 recessurus
2151 435 2188 476 a

241 497 543 578 praesenti
592 497 1055 557 conversatione
1106 497 1344 579 reliquit
1376 499 1539 560 suam
1585 500 1953 580 potestatem
1983 502 2186 578 Petro,

242 606 366 668 quo
415 600 660 647 mortuo
696 586 944 648 ecclesia
977 586 1161 647 alium
1195 587 1402 670 elegit,
1451 590 1553 668 qui
1593 588 1825 650 electus
1860 589 1986 670 ipso
2020 590 2185 653 facto

241 676 625 758 consequitur
672 677 937 737 eandem
977 676 1347 755 potestatem
1395 699 1580 758 quam
1610 680 1844 753 PetrUS,
1893 701 2017 739 non
2056 681 2186 761 qui-

241 767 395 826 dem.
415 767 640 826 virtute
690 766 864 845 ipfius
914 764 1231 826 electionis
1266 765 1365 827 vel
1401 765 1684 828 ecclefiae
1735 768 2035 850 eligentiS,
2083 768 2188 830 sed
2224 822 2250 828 -
2338 818 2342 821 «

240 856 464 915 virtute
527 854 875 935 principalis
939 856 1167 915 domini
1238 856 1311 915 fic
1372 855 1637 916 volentis
1702 871 1766 918 et
1833 859 2187 919 ordinantis-

241 945 427 1022 Quod
473 945 511 1004 fi
549 958 902 1024 quaeratur,
950 946 1114 1004 unde
1163 944 1394 1005 constat
1440 967 1556 1025 per
1602 946 1970 1026 scripturam,
2019 949 2188 1028 quod

242 1033 505 1094 Christus
568 1057 683 1114 per
746 1034 903 1093 hunc
966 1035 1219 1095 modum
1276 1033 1541 1095 voluerit
1604 1035 1966 1097 successores
2023 1038 2187 1098 Petri

238 1123 402 1182 suam
449 1124 821 1202 potestatem
869 1123 1119 1196 habere,
1168 1145 1303 1183 cum
1336 1125 1415 1184 de
1455 1125 1575 1184 hoc
1622 1123 1783 1185 nulla
1816 1125 1921 1186 fiat
1952 1127 2184 1187 mentio

239 1214 296 1272 in
331 1211 688 1294 evangelio:
737 1214 1060 1272 dicendum
1107 1212 1431 1273 secundum
1464 1214 1799 1289 Herveum,
1847 1216 2017 1295 quod
2053 1237 2188 1276 cum

239 1321 364 1361 non
412 1303 521 1361 fint
569 1303 667 1362 n'is1
716 1304 840 1362 duo
889 1303 1057 1362 modi
1105 1302 1476 1363 successio-nis
1531 1304 1588 1362 in
1635 1304 1976 1383 principatu
2025 1304 2186 1365 bene

240 1392 544 1465 ordinatO,
591 1389 876 1452 videlicet
923 1413 1038 1471 per
1084 1392 1561 1453 haereditariam
1610 1394 1914 1475 originem
1962 1407 2026 1454 et
2071 1415 2188 1474 per

240 1478 607 1541 electionem
664 1480 1100 1554 voluntariam,
1170 1501 1248 1541 eo
1309 1480 1473 1564 facto
1534 1502 1658 1562 quo
1719 1502 1842 1542 non
1903 1482 2187 1562 expresfit

238 1570 501 1650 primum
556 1571 808 1630 modum
867 1571 1388 1651 quemadmodum
1447 1571 1587 1631 fecit
1642 1572 1699 1631 in
1748 1573 1945 1632 veteri
2003 1571 2184 1632 testa-

238 1672 467 1732 mento,
527 1658 883 1741 intelligitur
928 1659 1176 1719 voluisse
1226 1674 1289 1720 et
1348 1659 1647 1740 reliquisse
1706 1660 2044 1722 secundum.
2119 1661 2187 1721 Si

237 1767 390 1809 vero
440 1749 688 1823 dicatur,
740 1750 909 1830 quod
958 1748 1273 1810 concilium
1319 1749 1604 1809 sortiatur
1650 1750 1807 1810 hanc
1855 1749 2185 1810 auctorita-

238 1851 365 1898 tem
413 1838 763 1897 immediate
797 1860 834 1898 a
870 1838 1120 1912 Christo,
1168 1839 1288 1898 hoc
1333 1839 1578 1898 videtur
1624 1838 1849 1899 dictum
1896 1839 2015 1900 fine
2053 1840 2187 1899 fun-

239 1927 550 1987 damento.
636 1926 859 1987 Nullibi
920 1928 1080 1987 enim
1139 1928 1441 1986 invenitur
1499 1928 1618 1987 hoc
1675 1929 1733 1987 in
1791 1928 1942 1988 serie
2002 1929 2193 1988 totius·

241 2017 383 2076 novi
431 2015 786 2076 testamenti.
850 2017 1030 2076 Unde
1078 2017 1220 2076 ficut
1267 2036 1391 2076 non
1438 2015 1792 2098 legeremus
1841 2018 1999 2077 hanc
2043 2037 2186 2077 auc-

240 2105 557 2165 toritatem
616 2106 891 2185 expresse
950 2105 1236 2166 collatam
1294 2107 1478 2165 Petro
1542 2104 1677 2185 plus
1739 2127 1924 2187 quam
1980 2105 2225 2180 Pau10,-

241 2212 365 2254 non
415 2195 886 2254 attribueremus
936 2194 1121 2274 ipsam
1168 2194 1304 2274 plus
1351 2195 1538 2254 Petro
1596 2216 1780 2275 quam
1825 2193 2047 2273 Paulo;
2103 2196 2188 2255 ita

241 2305 375 2343 cum
408 2302 531 2343 non
564 2282 845 2364 legamus
882 2283 1176 2343 Christum
1210 2285 1367 2343 hanc
1400 2283 1712 2344 contulisse
1746 2283 2018 2358 conciliO,
2063 2303 2188 2344 non

241 2372 538 2432 debemus
587 2374 809 2447 dicere,
858 2371 1175 2432 concilium
1223 2372 1385 2432 illam
1432 2372 1691 2447 habere,
1740 2374 1838 2432 nis1
1887 2375 2050 2442 forte
2098 2373 2187 2433 di-

242 2482 447 2520 camus
495 2483 610 2540 per
657 2481 884 2521 novam
922 2461 1370 2522 revelationem
1401 2460 1500 2521 vel
1535 2481 1762 2522 novam
1795 2461 2190 2523 collationem

243 2549 536 2610 Christum
569 2549 729 2610 illam
763 2550 1015 2622 concilio
1050 2552 1330 2625 tribuisse,
1372 2552 1450 2611 de
1487 2551 1702 2630 quibus
1738 2572 1936 2631 aeque
1969 2572 2190 2630 parum

242 2638 501 2717 constat3
560 2638 658 2698 vel
721 2640 818 2698 nis]
876 2641 1136 2714 dicatur,
1194 2641 1351 2700 hanc
1410 2638 1843 2700 auctoritatem
1898 2639 2189 2700 collatam

242 2726 526 2788 ecclesiae
559 2726 658 2788 vel
694 2728 949 2789 concilio
984 2731 1041 2788 in
1075 2729 1338 2808 persona
1370 2730 1549 2803 Petri,
1599 2730 1767 2809 quod
1801 2730 1954 2788 infra
1989 2728 2188 2788 osten-

241 2810 421 2877 datur
468 2837 591 2877 non
639 2818 758 2877 esse
806 2839 1035 2878 verum.
1097 2819 1225 2878 Sed
1274 2819 1435 2878 forte
1471 2817 1703 2878 vellent
1750 2819 1972 2892 dicere,
2021 2813 2197 2898 quod
2261 2891 2264 2893 ‚

242 2919 383 2966 tunc
416 2905 731 2981 concilium
758 2908 993 2986 accepit
1027 2908 1379 2967 immediate
1413 2906 1848 2968 auctoritatem
1873 2928 1911 2967 a
1935 2905 2216 2980 Christ0,·

242 3016 377 3054 cum
423 2996 671 3055 vocavit
717 2994 1046 3074 discipulos
1082 3010 1145 3056 et
1179 2996 1370 3078 elegit
1407 2997 1734 3056 duodecim
1768 3017 1845 3056 ex
1877 2996 1982 3070 eiS,
2030 2997 2187 3075 quos

242 3083 559 3162 apostolos
608 3085 962 3158 nominavit,
1010 3086 1149 3145 Luc.
1182 3086 1307 3145 XII.
1369 3085 1545 3159 Dico,
1595 3086 1764 3165 quod
1796 3106 1874 3145 ex
1905 3085 2024 3144 hoc
2062 3103 2188 3144 non
2278 3140 2282 3149 γ,
2347 3147 2349 3149 ,

242 3172 529 3247 habetur,
588 3174 757 3253 quod
816 3172 1080 3254 aliquam
1128 3173 1618 3253 jurisdictionem
1677 3173 1787 3234 illis
1846 3170 2188 3245 contulerit,

214 3259 350 3341 vsed¹
391 3260 582 3322 solum
626 3261 884 3341 speciale
920 3262 1183 3322 officium
1218 3262 1688 3345 evangelisandi.
1749 3263 1830 3323 Et
1862 3262 1989 3320 hoc·
2013 3261 2190 3321 sonat

242 3348 440 3431 glossa
472 3350 775 3410 Ambrosii
808 3352 1079 3424 dicentiS,
1129 3353 1298 3432 quod
1331 3351 1523 3433 elegit
1569 3351 1896 3413 duodecim
1928 3351 2008 3410 ad
2040 3369 2187 3430 pro·
2236 3375 2258 3428 j

244 3439 891 3499 curandumfauxilium
931 3438 1131 3500 salutis
1180 3441 1503 3514 humanae,
1552 3460 1708 3520 quos
1741 3461 1855 3519 per
1887 3452 2188 3499 terrarum

245 3528 463 3588 orbem
509 3527 745 3588 satores
778 3528 919 3588 fidei
967 3529 1327 3610 aestimaret.
1388 3529 1569 3590 Unde
1613 3549 1726 3588 nec
1758 3528 1860 3610 ipfi
1892 3529 2078 3589 Petro
2112 3546 2189 3587 ex
