2352 3808
1110 134 1314 214 *Qu
1358 212 1367 213 f

258 308 667 383 conciliorum,
716 311 977 369 maxime
1026 311 1083 369 in
1132 310 1222 369 his
1279 332 1439 389 quae
1498 312 1640 372 fidei
1699 312 1845 372 sunt.
1936 315 2018 374 Et
2066 317 2206 376 ideo

255 397 454 479 glossa
513 399 633 478 sup.
691 421 736 458 c,
795 397 1008 458 aresta
1075 399 1299 458 XXIV.
1359 421 1455 479 qU.
1517 402 1553 460 I.
1603 400 1951 476 declaranS,
2016 425 2208 482 quae

255 487 344 546 sit
401 486 534 547 illa
593 487 916 547 ecclesia
980 508 1179 567 quae
1245 506 1393 547 non
1465 503 1709 563 errat,
1781 510 1927 549 non
1997 493 2209 566 dicit,

257 577 459 655 quod
505 576 593 635 sit
641 575 1047 636 concilium
1094 575 1500 656 generale,
1558 578 1683 638 sed
1741 579 2208 640 universitas

202 717 204 720 ,
256 663 625 724 fidelium.
716 665 798 724 Et
845 665 924 724 de
973 665 1092 724 hoc
1140 663 1368 724 di&um
1417 666 1499 726 est
1545 666 1722 745 supra
1768 667 1906 727 satis
1954 669 2012 727 in
2061 689 2208 729 con-

263 752 397 821 clus,
440 754 540 812 XI.

388 841 532 921 Alia
581 843 768 901 etiam
816 843 1004 915 ratio,
1062 864 1248 921 quam
1296 844 1566 916 adducit,
1615 865 1740 904 non
1786 844 1982 919 valet,
2029 845 2208 907 videl.

255 931 429 1010 quia
461 930 511 989 si
546 930 956 990 concilium
988 930 1242 1009 posset
1276 953 1570 1003 errare,
1621 946 1694 992 et
1727 954 1927 1012 papa
1975 936 2208 995 etiam

253 1019 503 1098 potest
559 1041 856 1091 errare,
906 1033 1048 1078 tunc
1095 1019 1470 1099 sequeretur,
1519 1024 1687 1100 quod
1734 1035 1935 1082 totum
1983 1042 2208 1102 corpus

254 1107 539 1168 ecclefiae
588 1110 788 1187 posset
836 1130 1065 1181 errare,
1132 1131 1267 1168 cum
1312 1108 1628 1168 concilium
1674 1111 1757 1181 fit,
1805 1109 1903 1170 vel
1953 1133 2207 1190 reprae-

255 1196 452 1256 sentet
500 1211 701 1257 totum
749 1196 1049 1277 reliquum
1098 1219 1337 1277 corpus,
1429 1199 1607 1257 Haec
1665 1201 1825 1259 enim
1873 1202 2031 1260 ratio
2082 1220 2207 1260 non

252 1285 438 1355 valet,
487 1288 715 1346 nedum
764 1288 842 1346 de
890 1308 1084 1366 papa,
1144 1286 1246 1346 sed
1306 1310 1418 1347 nec
1476 1288 1555 1346 de
1625 1287 1902 1368 quolibet
1959 1290 2206 1351 minimo

251 1373 441 1446 fideli,
501 1390 567 1435 ut
628 1374 1013 1454 praedistum
1062 1375 1175 1452 est3
1235 1378 1398 1435 unde
1459 1377 1663 1457 arguit
1710 1398 1747 1436 a
1794 1377 1959 1437 sensu
2019 1377 2205 1437 diviso

253 1464 332 1523 ad
389 1463 619 1523 sensum
678 1464 1093 1543 compositum.
1195 1466 1363 1524 Non
1427 1466 1620 1524 enim
1678 1465 1920 1526 sumus
1983 1467 2207 1540 certi,

253 1573 342 1611 an
401 1575 602 1632 papa
661 1553 782 1612 vel
843 1555 1275 1632 quicunque
1336 1554 1440 1613 est‘
1477 1552 1607 1612 ille
1669 1576 1887 1634 quem
1946 1554 2206 1615 exclu-

251 1642 494 1702 dimus
541 1642 630 1702 sit
678 1641 808 1701 ille
857 1641 1059 1702 solus
1109 1643 1230 1722 qui
1280 1663 1428 1702 non
1477 1644 1814 1715 errabit,
1876 1645 2206 1704 durante

251 1731 320 1789 in
398 1752 488 1791 eo
568 1730 1022 1810 praesentia
1098 1731 1409 1810 spiritus
1487 1731 1764 1804 sancti,
1842 1732 1963 1792 vel
2041 1752 2206 1806 non,

250 1832 659 1900 utrumque
709 1821 907 1879 enim
954 1819 1317 1899 possibile
1368 1819 1475 1880 est.
1545 1820 1627 1879 Et
1660 1821 1799 1880 ideo
1850 1821 2059 1881 falsum
2107 1820 2206 1893 est,

252 1910 423 1988 quod
471 1910 630 1979 dicit,
679 1909 849 1988 quod
898 1922 1098 1969 totum
1131 1908 1431 1988 reliquum
1464 1930 1705 1987 coerS,
1755 1908 1993 1969 excluso
2040 1931 2209 1989 papa

250 2016 375 2057 non
433 1997 635 2077 potest
683 2018 911 2063 errare,
971 1999 1092 2058 imo
1142 1997 1416 2076 posfibile
1467 1998 1565 2071 est,
1613 2011 1681 2057 ut
1729 2020 1946 2059 omnes
1996 2012 2207 2059 errent

252 2102 516 2166 excepto
567 2086 711 2166 ipso,
759 2099 826 2145 ut
872 2085 1051 2165 supra
1097 2086 1236 2146 satis
1286 2085 1514 2146 di&um
1562 2087 1674 2164 est3
1744 2087 1848 2147 sed
1896 2109 2206 2168 nunquam

253 2176 369 2235 erit
416 2197 634 2236 verum
681 2176 904 2248 dicere,
954 2176 1123 2255 quod
1173 2195 1390 2235 omnes
1438 2174 1601 2235 fimul
1650 2190 1873 2236 errent.

385 2265 684 2325 Attribuit
754 2265 941 2324 etiam
1011 2265 1294 2346 dignitati
1365 2263 1595 2324 concilii
1648 2264 1826 2342 juxta
1889 2266 2205 2325 decretum

252 2353 485 2413 concilii
555 2353 1063 2425 ConstantienfiS,
1142 2354 1311 2432 quod
1381 2353 1724 2432 quicunque
1795 2353 2204 2434 cujuscunque
2282 2358 2289 2366 '

250 2441 437 2503 status
490 2440 590 2502 vel
639 2443 972 2523 dignitatis,
1023 2442 1249 2501 etiamsi
1298 2440 1537 2520 papalis
1587 2441 1812 2513 existat,
1859 2442 2093 2507 statutis
2141 2455 2204 2502 et

251 2532 519 2591 decretis
569 2530 744 2609 ipfius
794 2529 1026 2591 concilii
1073 2531 1330 2590 obedire
1379 2544 1641 2603 tenetur,
1691 2532 1859 2610 quod
1906 2531 1944 2589 fi
1986 2547 2202 2590 contu-

250 2622 503 2680 maciter
573 2632 790 2680 contra
848 2620 1088 2692 fecerit,
1146 2620 1494 2699 condignae
1553 2639 1802 2698 poenae
1860 2619 2203 2697 subjiciatur

252 2723 316 2769 et
348 2710 538 2790 digne
572 2710 872 2787 puniatur.
943 2709 1131 2784 Quod
1165 2709 1412 2787 quidem
1460 2722 1523 2767 et
1569 2730 1784 2767 verum
1830 2707 2034 2786 potest
2079 2709 2202 2774 esse

252 2811 316 2857 et
373 2797 598 2857 falsum.
699 2797 947 2857 Statuta
1013 2798 1174 2856 enim
1233 2795 1462 2856 concilii
1522 2798 1765 2875 possunt
1823 2811 2199 2857 concernere

251 2885 554 2965 duplicem
603 2887 943 2958 materiam,
991 2883 1168 2945 videl.
1215 2885 1356 2944 fidei
1388 2883 1488 2944 vel
1523 2906 1777 2946 morum.
1853 2886 1919 2944 Si
1951 2886 2198 2964 quidem

251 2975 336 3035 est
382 2975 540 3047 fidei,
588 2987 809 3053 utpote
858 2975 999 3054 quia
1046 2973 1297 3053 aliquod
1356 2975 1627 3044 ordinat,
1687 2974 1855 3053 quod
1914 2972 1999 3032 est
2055 2972 2199 3033 fidei

253 3060 586 3123 consonum
634 3076 697 3122 et
743 3085 789 3122 s,
837 3062 1195 3141 scripturae:
1246 3063 1411 3135 dico,
1471 3063 1640 3141 quod
1697 3063 1775 3120 ad
1833 3059 1977 3123 illud
2029 3081 2197 3139 papa

252 3165 514 3225 tenetur,
564 3171 688 3211 non
738 3152 985 3230 quidem
1033 3153 1390 3230 inquantum
1438 3172 1476 3210 a
1515 3148 1769 3210 concilio
1818 3162 2045 3221 manat,
2093 3149 2196 3209 sub

252 3259 376 3320 quo
410 3261 577 3318 papa
609 3261 734 3300 non
768 3239 867 3312 est,
914 3239 1018 3298 sed
1059 3241 1416 3318 inquantum
1450 3260 1526 3298 ex
1549 3261 1594 3297 s,
1626 3238 1914 3316 scriptura
1947 3236 2194 3311 elicitur,

252 3328 434 3406 supra
483 3349 668 3407 quam
716 3328 837 3406 ipse
887 3349 1010 3388 non
1061 3328 1158 3387 est.
1235 3328 1316 3387 Et
1364 3342 1506 3386 tunc
1551 3328 1705 3397 dico,
1754 3328 1921 3405 quod
1970 3327 2196 3386 nedum
2267 3343 2302 3354 ⁰

253 3415 523 3489 concilio,
551 3415 655 3478 sed
681 3418 867 3475 etiam
893 3417 1034 3476 mihi
1059 3430 1307 3475 tenetur
1339 3437 1505 3494 papa
1538 3416 1810 3484 obedire,
1843 3416 2005 3474 unde
2030 3415 2068 3474 fi
2092 3414 2194 3474 fibi

252 3506 478 3565 dicam:
513 3505 697 3571 crede
725 3505 781 3563 in
807 3506 1011 3579 deum,
1060 3505 1181 3583 ipse
1208 3518 1455 3564 tenetur
1481 3504 1751 3576 credere,
1801 3523 1923 3561 non
1949 3504 2190 3563 ratione
