2352 3808
1218 108 1289 161 48

276 284 459 350 verit,
515 297 581 342 ut
639 282 893 362 ipsemet
952 284 1180 343 fatetur
1225 285 1439 362 Joann.
1485 286 1698 345 XVII.:
1757 286 1901 366 Ego
1960 307 2078 364 pro
2137 289 2224 348 eis

277 391 456 453 rogO,
505 393 629 432 non
678 393 794 451 pro
843 373 1093 446 mundO,
1140 372 1243 432 sed
1289 395 1406 451 pro
1455 375 1572 446 his,
1621 393 1779 454 quos
1828 374 2036 434 dedisti
2082 377 2225 437 mihi

276 460 406 539 &03
454 460 794 540 specialiter
841 475 1050 520 tamen
1098 463 1348 542 rogavit
1387 482 1504 541 pro
1537 464 1741 536 Petro,
1791 464 1882 522 cui
1915 462 2225 524 ecclesiam

275 550 439 610 suam
487 551 833 631 regendam
881 550 1280 624 commiserat,
1327 551 1426 611 vel
1474 552 1534 611 se
1583 552 2028 612 commissuram
2073 573 2223 631 pro-

274 639 527 699 miserat.
606 639 786 698 Unde
848 660 983 698 cum
1042 639 1260 718 majori
1317 642 1465 700 esset
1525 639 1725 701 officio
1784 640 2104 719 potestatis
2159 655 2223 702 et

274 729 589 810 dignitatis
616 729 932 807 praeditus
960 742 1022 788 et
1048 728 1494 809 consequenter
1522 729 1774 808 majoris
1810 750 1992 789 curae
2027 750 2221 791 onere

272 810 522 897 pressuS,
570 818 792 877 merito
828 839 864 876 a
900 816 1132 877 Christo
1169 831 1304 877 erat
1336 819 1555 897 majori
1588 819 1885 879 orationis
1930 818 2220 901 suffragio

274 920 337 966 et
371 906 717 985 adjuvantis
751 907 996 987 gratiae
1041 906 1340 967 beneficio
1376 908 1815 967 confovendus
1873 908 2028 967 Cum
2061 909 2221 968 enim

273 995 485 1076 aliquis
520 1017 557 1054 a
600 996 722 1056 deo
771 1009 1031 1054 vocatur
1078 997 1158 1055 ad
1207 994 1455 1076 aliquod
1503 996 1765 1056 officium
1815 995 1911 1056 vel
1960 996 2219 1058 ministe-

271 1087 440 1158 rium,
501 1085 831 1144 infunditur
888 1083 989 1144 fibi
1049 1105 1212 1144 nova
1268 1087 1473 1166 gratia
1520 1099 1583 1145 et
1631 1087 1945 1146 confertur
2003 1085 2221 1147 efficax

270 1174 669 1253 adjutorium,
742 1194 865 1253 quo
929 1174 1240 1234 mediante
1303 1175 1481 1254 posslt
1542 1174 1887 1253 hujusmodi
1958 1174 2220 1235 officium

270 1264 479 1323 debite
530 1284 840 1335 exercere,
890 1263 987 1321 nis1
1029 1263 1150 1341 ipse
1198 1278 1395 1342 ponat
1429 1264 1684 1338 obicem,
1724 1277 1791 1323 ut
1823 1277 2074 1323 notatur
2103 1285 2219 1343 per

269 1350 565 1413 doctores
624 1351 803 1431 super
859 1350 1062 1430 psalm.
1121 1353 1426 1412 Dominus
1486 1351 1841 1412 illuminatio
1901 1374 2056 1412 mea.
2135 1352 2224 1412 Et·

269 1455 502 1522 quanto
568 1442 766 1522 magis
831 1441 915 1500 est
977 1442 1292 1522 dignitatis
1357 1441 1649 1515 officium,
1720 1455 1896 1501 tanto
1967 1441 2216 1520 majoris

266 1531 508 1612 gratiae
573 1530 945 1609 adjutorium
1007 1530 1348 1590 adhibetur.
1433 1531 1613 1590 Unde
1678 1552 1811 1589 curn
1873 1531 2088 1590 Petrus
2152 1544 2216 1590 et

268 1618 519 1699 quilibet
568 1618 699 1698 ejus
758 1618 1050 1678 successor
1096 1620 1177 1678 ad
1231 1619 1552 1698 supremae
1608 1620 1920 1700 dignitatis
1977 1621 2215 1698 apicem

267 1711 325 1768 in
386 1707 633 1768 ecclefia
690 1708 1089 1775 assumantur,
1149 1708 1186 1766 fi
1244 1729 1368 1769 non
1426 1721 1665 1788 ponant
1725 1709 1964 1768 obicem
2019 1708 2214 1787 majus

267 1799 486 1858 ceteris
536 1797 841 1876 adjutricis
888 1798 1132 1879 gratiae
1181 1797 1543 1858 beneficium
1591 1797 2054 1877 consequuntur.
2121 1797 2216 1857 Ex

266 1907 388 1967 quo
437 1886 602 1966 sequi
648 1887 907 1957 videtur,
957 1887 1127 1965 quod
1173 1888 1371 1968 magis
1422 1886 1595 1946 facile
1645 1900 1708 1946 et
1750 1885 2065 1946 verisimile
2113 1885 2214 1961 est,

264 1997 759 2056 unumquemque
809 1974 990 2034 alium
1039 1976 1290 2035 deviare
1340 1989 1403 2035 et
1435 1997 1471 2034 a
1520 1976 1697 2034 bonis
1746 1975 2017 2036 moribus
2066 1989 2130 2036 et
2176 1996 2214 2035 a
2297 2041 2299 2043 ,

264 2066 384 2126 fide
434 2087 617 2146 quam
672 2086 918 2144 papam,
977 2064 1316 2144 postquam,
1373 2065 1471 2124 nis1
1519 2077 1715 2143 ponat
1763 2065 2018 2138 obicem,
2077 2064 2210 2143 spe-

263 2154 468 2214 cialius
528 2155 627 2213 fibi
686 2155 839 2213 deus
899 2151 1116 2226 asslstit,
1176 2167 1242 2213 ut
1297 2152 1523 2213 dictum
1572 2153 1668 2212 est.
1688 2150 1733 2225 1)
1810 2154 1953 2212 Non
2002 2167 2210 2214 tamen

264 2243 542 2304 obstante
591 2242 772 2323 aliqui
830 2243 1036 2302 summi
1095 2242 1417 2321 pontifices
1467 2256 1594 2301 tam
1642 2243 1700 2301 in
1747 2242 1868 2302 fide
1918 2261 2104 2322 quam
2151 2243 2208 2301 in

263 2333 534 2394 moribus
581 2333 859 2414 graviter
908 2332 1130 2391 errasse
1179 2331 1483 2412 leguntur.

911 2492 1059 2554 XIII.
1120 2495 1569 2556 CoNcLusm.

263 2613 427 2683 Quod
478 2614 650 2665 minus
701 2612 1049 2665 dubitandum
1101 2613 1178 2664 est
1228 2612 1295 2663 de
1348 2629 1527 2663 errore
1577 2611 1661 2662 vel
1712 2604 1925 2663 defeEtu
1982 2610 2106 2663 fidei
2157 2613 2209 2663 in

446 2707 586 2758 papa
626 2688 709 2740 vel
762 2687 981 2739 ecclefia
1020 2704 1152 2738 rom.
1195 2703 1355 2754 quam
1394 2687 1445 2737 in
1486 2686 1688 2752 synodo
1728 2685 1811 2737 vel
1862 2685 2101 2748 concilio,
2155 2694 2211 2738 et

442 2764 549 2815 hoc
588 2762 883 2832 specialiter
922 2761 1184 2829 capiendo
1223 2777 1419 2829 papam
1459 2759 1749 2812 formaliter
1787 2767 1946 2828 prout
1983 2777 2154 2828 papa„

391 2869 473 2928 Et
513 2868 816 2948 probatur
863 2864 1180 2939 conclusio,
1229 2865 1370 2945 quia
1410 2866 1488 2925 de
1534 2863 1683 2925 illius
1718 2863 1964 2924 desecf'tu
2011 2865 2206 2925 minus

260 2957 343 3018 est
389 2958 817 3029 dubitandum,
865 2976 981 3034 pro
1031 2975 1184 3034 quO,
1234 2976 1311 3014 ne
1359 2953 1629 3029 deficiat,
1679 2952 1942 3014 Christus
1991 2954 2206 3014 oravit.
2298 2974 2301 2975 ⁷

259 3048 400 3108 Hoc
447 3060 656 3107 autem
705 3064 830 3104 non
879 3043 964 3104 est
1009 3042 1343 3116 concilium,
1395 3042 1498 3102 sed
1546 3064 1712 3122 papa
1758 3040 1857 3102 vel
1904 3062 2056 3103 rom.
2104 3063 2204 3103 ec-

261 3134 450 3209 clefia,
490 3149 557 3196 ut
588 3148 766 3214 patet
797 3155 912 3213 per
944 3131 1239 3194 doctores
1273 3145 1336 3195 et
1369 3130 1779 3211 postillatores
1810 3130 1844 3190 s.
1875 3129 2204 3210 scripturae

401 3296 446 3350 1)
477 3263 583 3340 Wie‘
618 3295 702 3340 fich
734 3296 1056 3339 Turrecremata
1087 3293 1200 3335 diess
1232 3294 1384 3349 denkt,
1428 3294 1501 3336 hat
1531 3307 1577 3334 er
1608 3293 1739 3334 sehon
1770 3293 1883 3333 oben
1915 3291 1978 3332 11.
2014 3291 2200 3335 conclus.

260 3369 625 3423 ausgesprochen:
662 3370 828 3409 Eodem
853 3382 1018 3425 quoque
1041 3369 1172 3408 modo
1205 3373 1394 3422 tempore
1423 3369 1500 3409 bb.
1528 3367 1699 3407 Eusebii
1720 3366 2014 3422 Vercellensis,
2048 3367 2203 3427 Hilarii

260 3450 301 3484 et
330 3443 506 3483 Martini
538 3443 783 3484 confessoris
815 3443 890 3498 ipsi
922 3444 1010 3484 fere
1043 3442 1121 3483 soli
1153 3442 1350 3483 catholici
1382 3447 1502 3483 erant
1532 3441 1685 3482 ceteris
1722 3440 1812 3481 fere
1851 3440 2050 3481 omnibus
2081 3452 2202 3495 prae-

257 3518 353 3562 latis
385 3523 427 3560 et
456 3517 621 3559 clericis
653 3517 813 3559 Ariana
843 3517 957 3572 peste
989 3514 1180 3559 inseetis.
