2352 3808
1191 127 1259 181 14

246 302 624 360 credendum
658 302 756 376 est,
789 301 1058 362 fidelium
1091 305 1375 382 precibus
1410 303 1620 365 ablato
1655 325 1770 383 per
1800 305 2194 368 successorem

246 388 610 450 catholicum
660 390 907 451 ecclesia
954 391 1216 452 instituta
1260 393 1344 452 est
1390 393 1671 472 pristinae
1719 394 1855 473 paci
1887 408 1951 454 et
1982 394 2191 458 rectae

242 479 411 553 fidei,
487 493 550 540 et
611 479 684 539 fic
747 480 882 559 post
943 481 1374 560 tempestatem
1438 482 1827 563 tranquillum
1890 483 2031 544 fecit
2091 487 2192 566 qui

242 582 568 648 utrumque
617 569 807 629 habet
855 571 913 630 in
961 571 1255 630 manibus
1333 570 1624 632 Similiter
1682 594 1978 654 magnum
2038 595 2188 636 nau-

241 658 504 740 fragium
562 659 730 737 passa
778 658 862 718 est
909 658 1183 733 ecclesia⁷
1243 682 1379 720 cum
1424 662 1667 721 vacavit
1721 661 1958 741 saepius
2014 662 2188 724 sedes

239 748 526 817 Romana
558 762 821 827 propter
854 750 1223 810 discordiam
1257 747 1615 824 elestorum,
1662 751 2021 830 praesertim
2053 773 2189 812 cum

239 835 423 896 semel
457 839 699 897 vacavit
732 838 967 917 septem
1015 839 1188 898 annis
1223 861 1358 898 curn
1399 840 1667 913 dimidio,
1717 854 1780 900 ut
1812 841 1870 899 in
1903 841 2190 903 chronica
2261 837 2264 839 i

239 927 481 995 Martin,
529 925 769 1008 legitur.
846 926 1135 987 Similiter
1184 950 1319 987 cum
1367 927 1445 987 illi
1503 929 1875 989 menstruosa
1921 930 2188 1010 praefuit

239 1016 480 1089 femina,
530 1038 715 1096 quam
755 1031 818 1077 et
851 1017 887 1075 fi
921 1018 1074 1077 deus
1125 1016 1366 1077 occulto
1403 1017 1508 1078 suo
1547 1018 1779 1097 judicio
1829 1019 2185 1080 execrabilis

238 1119 446 1165 tamen
479 1107 646 1165 vitae
695 1107 753 1165 in
800 1107 942 1166 sede
983 1107 1037 1166 b.
1069 1107 1230 1166 Petri
1276 1106 1637 1167 sustinuerit:
1688 1129 1813 1167 non
1861 1122 2069 1169 tamen
2109 1131 2186 1170 ex

236 1196 355 1255 hoc
402 1196 582 1274 periit
631 1195 892 1259 ecclesia.
954 1197 1198 1256 Eodem
1233 1218 1482 1276 quoque
1527 1198 1718 1258 modo
1768 1211 2054 1277 ternpore
2087 1199 2184 1260 bb.

234 1284 472 1344 Eusebii
521 1285 949 1360 Vercellenfis,
1009 1285 1223 1346 Hilarii
1272 1300 1335 1346 et
1383 1287 1629 1346 Martini
1678 1287 2033 1347 confessoris
2081 1287 2184 1367 ipfi

236 1375 366 1435 fere
414 1373 519 1434 soli
568 1375 845 1435 catholici
895 1390 1072 1435 erant
1121 1376 1340 1435 ceteris
1380 1377 1509 1436 fere
1560 1377 1841 1436 omnibus
1889 1375 2182 1455 praelatis

235 1478 298 1523 et
360 1462 588 1524 clericis
653 1467 894 1525 arriana
956 1464 1124 1544 peste
1189 1464 1453 1539 infecti&
1517 1480 1580 1526 et
1642 1479 1852 1525 tamen
1916 1465 2228 1527 Christus'

234 1552 575 1613 naviculam
636 1554 802 1614 suam
872 1553 1409 1633 perambulantem
1443 1565 1537 1614 ‘et
1598 1569 2052 1636 pervagantem
2121 1556 2180 1616 in

233 1641 533 1717 fluctibus,
594 1665 670 1703 ne
727 1658 1135 1726 mergeretur,
1196 1645 1407 1713 erexit,
1467 1666 1603 1704 cum
1661 1646 1914 1704 tandem
1972 1645 2179 1724 sopitis

235 1734 546 1793 erroribus
611 1735 936 1813 imperavit
996 1734 1197 1794 ventis
1262 1746 1326 1793 et
1389 1732 1552 1794 fasta
1621 1733 1706 1793 est
1774 1732 2178 1814 tranquillitas
2226 1818 2229 1820 ι
2317 1725 2322 1729 ’

233 1843 476 1903 magna.
554 1824 735 1900 Quae
785 1824 991 1884 omnia
1039 1824 1240 1883 sutura
1287 1824 1407 1883 esse
1455 1823 1943 1905 praefiguratum
1991 1822 2075 1883 est
2121 1825 2180 1884 in

233 1911 357 1991 ipsa
404 1911 679 1972 navicula
719 1913 898 1983 Petri,
948 1914 1184 1993 agitata
1232 1914 1480 1992 quidem
1527 1914 1744 1986 ventiS,
1793 1913 2036 1972 minime
2085 1926 2178 1972 ta-

231 2022 373 2060 men
420 2001 755 2062 summersa.
817 2002 898 2062 Et
945 2002 1182 2062 futuros
1232 2003 1417 2062 etiam
1467 2019 1714 2061 errores
1749 2002 1806 2060 in
1851 2000 1984 2080 ipfis
2016 2000 2179 2062 Petri

230 2090 657 2151 successoribus
717 2091 870 2166 fore,
930 2091 1419 2173 praefiguratum
1468 2090 1552 2151 est
1599 2091 1656 2149 in
1715 2088 1841 2170 ipso
1901 2089 2175 2169 periculo

229 2179 668 2240 summerfionis
716 2181 904 2253 Petri,
953 2180 1055 2240 sed
1103 2182 1271 2261 quod
1320 2201 1445 2240 non
1493 2181 1763 2240 humano
1811 2179 2027 2254 studio,
2074 2179 2177 2240 sed

230 2283 468 2330 tantum
502 2271 706 2330 divino
741 2270 962 2331 auxilio
1012 2270 1362 2349 hujusmodi
1395 2269 1677 2348 periculis
1711 2268 2199 2329 succurrendum'

231 2360 396 2433 esset,
444 2373 882 2438 praenotatum
932 2357 1016 2418 est
1063 2360 1120 2418 in
1168 2359 1287 2419 hoc
1335 2361 1504 2438 quod
1540 2357 1802 2419 Christus
1852 2377 1978 2417 non
2026 2377 2173 2418 con-

228 2450 464 2509 vocatis
523 2447 836 2527 discipuliS,
894 2448 997 2508 sed
1054 2469 1169 2527 per
1215 2447 1594 2526 semetipsum
1641 2447 1889 2507 Petrum
1935 2446 2173 2526 pericli-

228 2548 463 2597 tantem
511 2539 719 2597 erexit.
781 2536 862 2597 Et
911 2539 1095 2597 etiam
1144 2539 1312 2617 quod
1360 2535 1663 2597 corre6tio
1704 2537 1867 2596 Petri
1915 2534 2174 2615 apostoli

227 2628 304 2687 ad
363 2626 551 2707 ipsum
600 2626 896 2687 Christum
954 2627 1320 2706 pertineret,
1381 2626 1641 2686 ostendit
1690 2623 1978 2699 Christus,
2038 2645 2172 2685 cum

227 2717 374 2778 dixit
421 2716 559 2796 ipse,
609 2737 732 2776 non
780 2715 930 2775 alius
979 2717 1057 2775 ab
1092 2736 1171 2776 eo
1205 2716 1433 2775 missus:
1483 2716 1724 2776 modice
1771 2713 1930 2787 fidei,
1978 2735 2171 2794 quare

226 2799 535 2864 dubitasti?
570 2805 786 2864 Matth.
818 2805 977 2864 XIV.
1039 2805 1322 2864 Firmiter
1353 2805 1560 2884 itaque
1593 2803 1839 2883 sperare
1872 2803 2170 2864 debemus

227 2894 284 2953 in
319 2894 570 2967 Christo,
619 2895 788 2974 quod
836 2894 1360 2973 quemadmodum
1404 2891 1719 2966 haetenus,
1767 2892 1841 2951 fic
1883 2893 2068 2952 etiam
2110 2893 2170 2952 in

226 2983 490 3042 futurum
544 2982 685 3042 suae
741 2982 1024 3042 ecclesiae
1080 2996 1338 3042 contra
1392 3001 1863 3063 quaecunque
1919 2979 2170 3040 finalia

223 3069 546 3149 pericula
593 3071 1026 3149 providebit.
1102 3073 1203 3131 De
1252 3093 1373 3151 qua
1420 3073 1566 3131 dixit
1602 3070 1820 3130 Matth.
1850 3069 2040 3128 XVI.:
2087 3068 2169 3128 Et

223 3174 447 3239 portae
481 3161 654 3220 inferi
689 3180 812 3220 non
841 3159 1291 3238 praevalebunt
1316 3160 1604 3220 adversus
1631 3180 1788 3219 eam.
1835 3158 1979 3217 Non
2005 3157 2167 3217 enim

223 3249 398 3308 dixit:
459 3249 602 3309 Non
650 3249 974 3330 agitabunt
1020 3247 1119 3308 vel
1167 3249 1634 3327 perturbabunt⁷
1691 3246 1795 3316 sed
1843 3266 1967 3306 non
2013 3245 2166 3307 fina-
2207 3327 2210 3330 ι

221 3335 360 3397 liter
391 3335 838 3416 praevalebunt
878 3337 1061 3417 usque
1094 3336 1378 3397 videlicet
1411 3337 1490 3397 ad
1524 3337 1697 3416 ipfius
1732 3332 2167 3396 extinffitionem

221 3425 320 3485 seu
368 3424 623 3485 finalem·
663 3426 1261 3486 consummationem.
1329 3427 1411 3486 Et
1458 3425 1852 3486 confirmatur
1896 3423 1972 3483 fic
2017 3443 2163 3485 con-

222 3513 403 3575 clusio
429 3535 543 3594 per
569 3511 918 3594 exemplum
944 3514 1295 3590 Marcellini,
1327 3528 1590 3594 propter
1619 3513 1787 3597 cujus
1819 3511 2165 3585 idolatriam
