2352 3808
1067 138 1140 192 53

93 337 294 390 -rom.,
358 339 484 379 non
531 330 720 397 prout
769 314 1018 376 ecclefia
1065 336 1214 376 rom.
1264 318 1556 397 accipitur
1601 335 1721 396 pro
1771 317 2091 378 universali

125 405 390 481 ecclesla,
440 408 582 487 quia
626 406 712 466 sic
760 406 923 465 idem
971 405 1285 465 instituerit
1331 405 1613 486 seipsum;
1660 405 1764 466 sed
1798 407 2090 486 accipitur

122 495 466 576 specialiter
511 515 628 574 pro
677 494 821 554 sede
869 495 1032 555 Petri
1087 493 1187 554 vel
1245 496 1522 575 principe
1583 494 1731 574 ejus,
1805 503 1868 566 2)
1918 497 2089 576 quod

123 586 259 665 ipsa
308 604 462 644 rom.
495 583 670 644 sedes
720 583 805 643 est
838 583 1101 643 instituta
1132 583 1332 643 verbo
1368 585 1593 656 divino,
1642 604 1765 644 non
1801 584 2087 645 humano

128 683 215 751 3),
242 674 409 753 quod
457 674 558 752 qui
606 673 876 753 derogat
924 672 1007 732 isti
1055 673 1188 732 sedi
1237 673 1322 732 est
1354 673 1690 733 censendus
1723 673 2087 734 haereticus,

123 762 313 840 Quod
375 762 538 821 bene
603 762 936 821 advertere
1008 762 1243 822 debent
1314 763 1563 842 quidam
1632 763 1915 823 moderni
1986 764 2087 843 qui

120 851 295 930 hujus
360 852 669 911 contraria
732 850 1172 932 dogmatisant,
1238 851 1338 931 qui
1401 851 1693 925 viderint,
1758 852 2080 932 quomodo

120 938 342 1020 posfint
390 940 469 999 ab
518 939 752 999 haerefi
803 941 923 999 esse
973 941 1288 999 immunes
1381 939 1470 999 Isti
1519 941 1681 1019 enim
1728 939 1949 1000 volunt
1995 941 2084 1000 di-

121 1041 280 1103 cere,
330 1029 498 1109 quod
533 1028 796 1089 Christus
832 1029 890 1087 in
922 1029 1128 1088 verbis
1161 1029 1494 1107 praemissis
1536 1029 1657 1088 fine
1706 1026 2084 1089 distinctione

120 1116 324 1198 aliqua
380 1116 665 1198 graduali
725 1118 975 1178 tradidit
1034 1117 1239 1177 claves
1300 1131 1364 1177 et
1412 1116 1906 1196 jurisdictionem
1953 1119 2082 1177 uni-

118 1205 334 1267 versali
384 1205 670 1266 ecclesiae
721 1220 784 1266 et
831 1208 1047 1279 Petro,
1110 1205 1220 1266 scil.
1268 1208 1369 1266 uni
1417 1208 1497 1267 de
1547 1205 1795 1269 ecclefia
1845 1220 1908 1266 et
1956 1225 2083 1266 non

119 1297 318 1378 magis
391 1294 539 1369 aliis,
599 1295 704 1355 sed
752 1295 1097 1375 aequaliter
1144 1296 1456 1373 omnibus3
1517 1309 1581 1355 et
1629 1297 1798 1376 quod
1846 1317 1924 1355 ex
1971 1294 2082 1356 illis

118 1386 323 1446 verbis
372 1404 496 1444 non
545 1385 655 1444 fuit
703 1383 960 1445 collatus
1007 1386 1194 1444 Petro
1243 1385 1619 1464 principatus
1683 1384 1863 1464 super
1911 1383 2080 1457 alios,

117 1474 220 1535 sed
266 1473 484 1553 postea
532 1474 745 1533 habuit
794 1495 871 1533 ex
918 1473 1205 1533 consensu
1238 1472 1678 1552 apostolorum,
1728 1475 1829 1554 qui
1863 1494 2081 1534 omnes

107 1563 250 1643 jure
299 1563 506 1623 divino
569 1576 750 1622 erant
797 1563 899 1622 fibi
948 1560 1259 1643 aequales,
1350 1563 1433 1622 Et
1479 1564 1565 1622 ita
1613 1563 1800 1623 etiam
1847 1563 2081 1623 habent

118 1653 323 1713 dicere
372 1652 430 1710 in
477 1651 631 1712 statu
679 1651 1004 1730 praesenti,
1054 1652 1222 1732 quod
1271 1671 1489 1711 omnes
1525 1650 1810 1712 ecclefiae
1845 1665 1909 1711 et
1946 1672 2080 1712 om-

118 1762 228 1802 nes
276 1740 630 1802 sacerdotes
679 1740 812 1800 sunt
859 1740 1134 1821 aequalis
1183 1740 1504 1820 potestatis
1540 1754 1603 1801 et
1641 1738 2080 1819 jurisdifftionis

117 1832 196 1892 de
233 1829 376 1909 jure
424 1831 659 1903 divino,
719 1842 1016 1910 tanquam
1065 1829 1165 1911 qui
1214 1830 1566 1890 immediate
1616 1851 1652 1889 a
1700 1831 1850 1902 deo,
1909 1830 2082 1909 quod

117 1919 397 1993 habent,
437 1920 819 1998 acceperint3
879 1919 983 1993 sed
1033 1919 1204 1999 quod
1252 1917 1501 1978 ecclesia
1549 1939 1700 1979 rom.
1748 1919 2080 1997 primatum

117 2007 385 2089 aliquem
432 2008 666 2069 habeat
712 2007 892 2087 super
940 2007 1111 2081 alios,
1160 2007 1281 2066 hoc
1313 2007 1504 2068 habet
1542 2007 1684 2086 jure
1718 2008 1989 2067 humano
2018 2019 2082 2066 et

117 2097 402 2158 consensu
473 2097 815 2170 hominum,
887 2119 1073 2177 quem
1143 2098 1331 2156 etiam
1390 2096 1707 2157 consensus
1766 2097 2082 2157 hominum

116 2187 533 2267 pariformiter
580 2185 803 2247 tollere
839 2200 903 2246 et
935 2198 1352 2246 transmutare
1386 2186 1605 2264 potest,
1654 2199 1718 2246 et
1750 2186 2081 2265 primatum

119 2274 404 2336 ecclesiae
452 2295 604 2336 rom.
652 2276 904 2336 tradere
953 2275 1131 2335 alteri
1180 2272 1468 2335 ecclefiae
1518 2288 1582 2334 et
1630 2275 1709 2334 ad
1742 2275 1861 2335 hoc
1894 2275 2082 2334 etiam

118 2365 198 2425 de
247 2362 411 2425 sacfto
461 2365 761 2424 nituntur:
812 2386 974 2444 quae
1022 2364 1341 2435 sententia,
1391 2377 1689 2444 quantum
1738 2364 1973 2424 dissona
2003 2364 2082 2423 sit

119 2454 341 2515 rationi
411 2467 476 2513 et
538 2452 712 2514 dictis
772 2452 1122 2513 sancitorum
1182 2467 1245 2512 et
1305 2451 1564 2513 aliorum
1627 2451 1957 2514 doctorum
2018 2465 2081 2512 et

119 2563 425 2603 canonum
482 2555 661 2621 patet
719 2543 977 2602 intuenti
1023 2542 1368 2621 praemissa
1416 2563 1488 2602 ac
1536 2542 1724 2602 etiam
1772 2562 2080 2623 quaease-

120 2645 398 2713 quentur.

967 2787 1247 2868 Objectz‘o.

253 2897 415 2975 Quia
462 2910 671 2957 tamen
719 2897 1109 2979 inveniuntur
1156 2894 1362 2976 aliqua
1408 2893 1589 2970 dicta,
1637 2894 1817 2976 super
1864 2895 2081 2975 quibus

120 2987 324 3068 potest
370 2985 566 3047 diffitus
617 3006 795 3046 error
843 2987 1099 3059 fundari,
1146 2985 1382 3045 bonum
1430 2986 1547 3045 erit
1583 2985 1677 3045 hic
1709 2983 1809 3044 illa
1840 3005 2082 3063 ponere

123 3089 187 3137 et
235 3095 453 3136 eorum
500 3096 716 3135 verum
764 3076 1016 3135 tradere
1065 3072 1458 3134 intellec‘tum.
1549 3074 1630 3134 Et
1696 3083 1755 3146 1)
1805 3074 2081 3147 occurrit,

124 3166 294 3245 quod
339 3165 547 3225 scribit
593 3163 968 3245 Augustinus
1018 3165 1048 3224 i.
1092 3162 1125 3222 l.
1173 3164 1252 3223 de
1299 3162 1422 3223 fide
1471 3163 1551 3223 ad
1598 3164 1874 3222 Petrum:
1922 3162 2081 3222 Poe-

124 3254 394 3325 nitentia,
441 3254 649 3334 inquit,
697 3251 940 3332 pectori
987 3266 1131 3313 tunc
1178 3251 1444 3331 prodest,
1492 3253 1541 3311 si
1590 3272 1729 3311 earn
1777 3252 1834 3311 in
1885 3250 2080 3311 eccle-

123 3342 204 3403 sia
251 3342 552 3403 catholica
597 3355 798 3423 gerat,
848 3343 939 3402 cui
986 3343 1139 3402 deus
1184 3342 1242 3400 in
1274 3340 1538 3421 persona
1570 3341 1625 3400 b.
1655 3341 1820 3400 Petri
1851 3338 2084 3422 ligandi

122 3428 518 3512 solvendique
578 3432 786 3491 tribuit
832 3430 1219 3510 potestatem.
1310 3429 1489 3503 Ecce,
1553 3430 1723 3510 quod
1770 3430 1912 3490 dicit
1961 3428 2081 3489 cla—

123 3541 236 3580 ves
285 3520 464 3580 datas
514 3519 800 3581 ecclefiae
850 3521 908 3579 in
955 3519 1223 3599 persona
1250 3519 1431 3593 Petri,
1482 3517 1801 3601 ergo‘ipsa
1834 3516 2081 3579 ecclesia
