2352 3808
969 140 1233 222 -ᾼριῐ,

91 336 400 401 agerent.
491 321 582 381 Ita
630 320 711 379 isti
761 320 862 400 qui
912 318 1098 378 hodie
1159 316 1653 396 persecutionem
1702 329 1832 376 tam
1880 318 2086 377 verbis

119 430 305 491 quam
354 407 528 471 sactis
577 409 888 470 concitant
937 408 995 467 in
1043 407 1333 467 vicariam
1360 405 1573 466 Christi
1608 418 1672 467 et
1720 404 1800 466 illi
1849 406 2085 468 adhae-

119 512 347 573 rentes,
396 517 522 559 non
571 497 733 558 aliud
780 497 839 556 se
890 497 1213 557 intendere
1275 496 1628 570 ostendunt,
1689 515 1875 576 quam
1933 509 2001 556 ut
2047 496 2086 556 fi

120 607 246 648 non
294 601 604 653 verentur,
653 588 887 647 dicant:
952 584 1237 645 nolumus
1273 585 1569 645 Christum
1602 606 1874 667 regnare
1906 583 2088 665 super

120 699 251 752 nOS,
301 679 442 759 quia
473 674 759 738 videlicet
791 675 1001 758 legem
1034 674 1355 754 potestatis
1390 674 1495 735 suo
1530 675 1759 735 vicario
1795 675 2086 735 traditam

120 780 184 827 et
231 768 309 827 ab
358 766 490 846 ejus
539 764 858 826 universali
908 763 1156 824 ecclesia
1204 785 1401 844 usque
1452 765 1509 823 in
1543 763 1893 844 praesentia
1925 778 2084 825 tem-

0 882 11 888 *
117 877 278 937 pora
325 868 590 936 propter
638 855 1036 916 obedientiae
1085 855 1371 913 meritum
1418 853 1850 933 supportatam
1909 855 2085 915 novis

116 945 359 1028 legibus
393 946 728 1026 infringere
761 943 992 1004 volunt.
1073 943 1508 1022 Adjiciendum
1543 942 1627 1003 est
1661 944 1864 1017 etiam,
1914 945 2086 1025 quod

117 1036 211 1095 hic
257 1033 639 1115 respondens
688 1033 1063 1113 praetendit,
1112 1031 1557 1111 plenitudinem
1600 1032 1923 1112 potestatis
1957 1052 2084 1093 non

118 1126 239 1185 esse
289 1125 346 1183 in
394 1145 578 1204 papa,
627 1123 730 1183 sed
764 1125 820 1182 in
855 1121 1105 1182 ecclesia
1136 1121 1237 1182 vel
1272 1120 1546 1196 conciliO,
1582 1124 1751 1203 quod
1787 1136 2086 1203 quantum

116 1214 310 1295 longe
358 1213 425 1273 fit
472 1234 509 1273 a
556 1214 822 1273 veritate
873 1225 937 1272 et
985 1233 1022 1271 a
1069 1225 1280 1271 mente
1339 1210 1687 1273 sanctorum
1736 1210 2084 1286 doctorum,

117 1317 295 1384 patet
354 1304 611 1363 intuenti
669 1324 714 1362 s.
761 1302 1074 1362 Thomam
1130 1302 1160 1360 i.
1209 1300 1383 1361 tra&
1432 1323 1477 1361 e.
1527 1320 1718 1362 error.
1768 1302 1990 1362 Graec
2038 1323 2084 1363 c.

115 1394 281 1467 LVI„
330 1392 498 1472 cujus
546 1392 742 1452 verba
788 1391 920 1451 sunt
967 1391 1152 1451 haec:
1214 1391 1480 1451 habetur
1536 1392 1725 1451 etiam
1774 1413 1850 1451 ex
1897 1411 2082 1471 prae-

117 1481 422 1543 dictorum
469 1480 799 1542 dofftorum
848 1478 1335 1552 auffi'toritatibuS,
1385 1482 1556 1561 quod
1588 1482 1769 1542 Rom.
1800 1481 2084 1561 pontifex

115 1572 348 1632 habeat
395 1573 451 1631 in
502 1569 752 1631 ecclefia
798 1569 1247 1651 plenitudinem
1293 1570 1631 1650 potestatis
1710 1571 1875 1631 Dicit
1921 1571 2084 1631 enim

118 1659 377 1739 Cyrillus
440 1661 792 1741 patriarcha
849 1658 1308 1720 Alexandrinus
1368 1660 1399 1720 i.
1458 1658 1491 1719 l.
1552 1658 1842 1721 thesaur.:
1913 1660 2084 1721 Sicut

118 1749 382 1811 Christus
431 1752 670 1830 accepit
718 1751 1008 1811 ducatum
1043 1763 1107 1810 et
1139 1749 1444 1829 sceptrum
1478 1748 1766 1810 ecclefiae
1799 1751 2083 1833 gentium

115 1861 193 1900 ex
214 1838 402 1900 Israel
424 1840 604 1920 super
627 1861 879 1901 omnem
900 1840 1310 1920 principatum
1337 1853 1401 1899 et
1421 1838 1795 1919 potestatem
1817 1843 1881 1900 et
1901 1839 2082 1920 super

115 1950 301 1991 omne
329 1930 741 2010 quodcunque
768 1929 867 2005 est,
905 1943 972 1994 ut
998 1931 1053 1989 ei
1077 1950 1288 2011 genua
1315 1927 1532 1990 cuncta
1562 1942 1908 2004 curventur,
1946 1929 2080 2010 ple-

113 2018 405 2080 nisfimam
463 2019 874 2099 potestatem:
945 2019 1019 2079 fic
1080 2020 1269 2079 Petro
1331 2032 1395 2079 et
1455 2019 1588 2099 ejus
1649 2018 2079 2080 successoribus

112 2106 444 2189 plenissime
492 2110 798 2169 commisit.
889 2109 972 2169 Et
1031 2109 1215 2169 infra:
1275 2107 1439 2168 Nulli
1499 2107 1597 2169 alii
1658 2130 1844 2190 quam
1890 2109 2078 2170 Petro

114 2197 379 2258 Christus
428 2199 598 2280 quod
646 2198 813 2258 suum
862 2198 946 2258 est
991 2197 1262 2277 plenum,
1310 2197 1414 2258 sed
1458 2198 1559 2278 ipsi
1594 2197 1700 2259 soli
1734 2198 1920 2259 dedit.
1997 2199 2080 2259 Et

114 2288 297 2347 infra:
344 2289 545 2361 Pedes
596 2287 807 2349 Christi
854 2289 1203 2349 humanitas
1254 2301 1318 2348 et
1366 2287 1490 2368 ipse
1539 2289 1751 2363 homO,
1800 2289 1892 2348 cui
1940 2301 2078 2349 tota

114 2377 351 2437 trinitas
385 2375 783 2457 plenissimam
816 2378 988 2437 dedit
1020 2376 1410 2457 potestatem,
1460 2398 1646 2459 quam
1692 2399 1848 2437 unus
1897 2378 2079 2438 trium

114 2466 415 2546 assumpsit
484 2479 548 2527 et
618 2468 676 2526 in
746 2467 980 2527 unitate
1045 2468 1386 2527 transvexit
1449 2468 1529 2527 ad
1591 2480 1839 2547 patrem
1900 2466 2080 2547 super

114 2576 364 2616 omnem
421 2557 829 2636 principatum
889 2568 954 2616 et
1014 2556 1416 2635 potestatem,
1480 2569 1547 2616 ut
1605 2557 1875 2616 adorent
1938 2578 2082 2617 eum

112 2666 331 2707 omnes
380 2644 589 2728 angeli
637 2646 753 2720 dei,
801 2646 972 2726 quod
1005 2659 1207 2707 totum
1240 2646 1454 2706 dimifit
1485 2667 1602 2725 per
1632 2646 2078 2707 sacramentum

114 2746 179 2796 et
209 2735 582 2815 potestatem
613 2737 801 2796 Petro
837 2748 901 2795 et
934 2733 1222 2795 ecclesiae
1265 2735 1412 2815 ejus,
1488 2736 1572 2795 Et
1613 2734 2077 2814 Chrysostomus

113 2825 256 2885 dicit
288 2826 369 2886 ad
402 2823 673 2886 consulta
696 2826 1123 2908 Burgarorum
1150 2846 1227 2885 ex
1251 2825 1517 2905 persona
1543 2825 1754 2885 Christi
1779 2823 2076 2905 loquens:

112 2914 242 2974 Ter
289 2928 352 2976 te
401 2916 745 2997 inte-rrog0‚
793 2933 874 2980 an
906 2936 1007 2975 me
1041 2914 1280 2997 diligas,
1330 2915 1471 2995 quia
1504 2928 1602 2975 ter
1649 2935 1749 2975 me
1797 2916 2076 2995 trepidus

114 3015 179 3064 et
225 3004 468 3065 timidus
518 3003 781 3086 negasti3
837 3025 996 3064 nunc
1044 3016 1254 3064 autem
1301 3003 1620 3078 reductUS,
1681 3025 1758 3064 ne
1818 3005 2077 3065 credant

114 3104 181 3153 te
226 3094 472 3154 vfratres
542 3094 811 3175 gratiam
870 3106 935 3153 et
994 3093 1254 3154 clavium
1312 3091 1750 3155 auctoritatem
1810 3094 2075 3168 amisisse,

115 3182 257 3262 quia
305 3203 477 3243 amas
526 3203 626 3243 me
676 3202 888 3244 coram
937 3183 1101 3263 ipfis,
1162 3183 1268 3243 tibi
1318 3182 1453 3262 jam
1512 3182 1840 3254 confirmO,
1904 3183 2076 3264 quod

114 3292 320 3332 meum
367 3271 452 3332 est
497 3271 765 3352 plenum.
842 3273 986 3334 Hoc
1034 3273 1222 3333 etiam
1269 3272 1528 3333 trahitur
1576 3293 1653 3333 ex
1701 3271 2074 3335 auctoritate

113 3359 488 3440 scripturae3
567 3383 711 3422 nam
781 3363 1064 3422 dominus
1136 3362 1355 3422 Matth.
1417 3362 1577 3423 XVI.
1639 3363 1826 3423 Petro
1891 3363 2072 3423 dixit:

115 3449 548 3532 Quodcunque
594 3450 846 3512 solveris
893 3450 1074 3531 super
1119 3464 1352 3511 terram
1385 3450 1491 3512 &c
1569 3452 1748 3529 Haec
1777 3452 2073 3513 Thomas

114 3538 209 3597 Ex
269 3540 486 3619 quibus
545 3546 750 3619 patet,
811 3541 980 3621 quod
1028 3541 1065 3599 fi
1114 3538 1224 3599 soli
1277 3541 1439 3599 Petri
1499 3540 1756 3602 contulit
1805 3542 2069 3602 Christus
