2352 3808
1049 131 1229 185 47.

82 310 176 374 ‚ut
222 326 400 392 patet
449 335 526 372 ex
573 311 706 391 ejus
754 310 1041 392 legenda.
1095 311 1250 370 Item
1282 311 1362 370 de
1396 307 1653 371 concilio
1686 309 2065 379 Ariminensi,

109 402 280 482 quod
327 422 443 481 per
475 419 777 461 canonem
827 401 1277 460 condemnatur
1309 399 1431 459 dist.
1463 399 1599 458 XV.
1652 397 1786 476 Jam
1827 419 1983 458 nunc
2015 403 2065 464 §-

109 492 291 569 Quae
324 488 624 570 opuscula.
691 489 793 549 De
827 510 952 569 quo
1003 491 1191 549 etiam
1241 489 1496 549 concilio
1547 487 1739 547 refert
1785 489 2065 566 praedic-

110 595 207 641 tus
253 581 542 659 Joannes,
591 578 692 638 ubi
739 578 919 658 supra
966 577 1060 637 lib.
1111 578 1229 637 VII.
1298 578 1479 647 Item,
1529 590 1596 637 ut
1643 576 1836 637 refert
1882 598 2064 656 prae-

109 668 306 730 die‘tus
354 669 710 728 Vincentius
766 667 862 727 lib.
909 668 1110 727 XXV.
1169 688 1298 747 cap.
1354 667 1582 727 LVIII.:
1640 666 1912 745 Joannes
1967 666 2067 727 IX.

108 758 405 837 synodum
466 757 741 816 LXXIV.
806 756 1237 836 episcoporum
1298 758 1641 816 Ravennae
1703 755 1932 829 statuit,
2004 770 2069 815 ut

108 847 396 926 synodus,
446 867 631 927 quam
678 847 1036 925 Stephanus
1086 867 1252 925 papa
1301 859 1519 906 contra
1567 845 1930 906 Formosum
1978 845 2066 905 fe-

110 950 296 1007 cerat,
344 936 686 1015 reprobata
719 936 841 996 fuit.
903 936 999 995 Ex
1031 956 1155 1016 quo
1205 935 1518 996 manifeste
1566 934 1849 1015 sequitur,
1899 936 2068 1015 quod

110 1025 308 1086 altera
354 1025 594 1086 istarum
625 1025 998 1103 synodorum
1031 1026 1276 1085 crravit.
1337 1025 1514 1084 Haec
1547 1026 1732 1084 etiam
1767 1024 2066 1085 conclufio

110 1115 195 1176 est
241 1116 320 1175 de
368 1129 578 1175 mente
627 1113 1090 1196 theologorum,
1125 1129 1190 1174 ut
1223 1114 1490 1196 magistri
1522 1112 1760 1174 Nicolai
1792 1114 1872 1174 de
1905 1114 2070 1191 Lyra

109 1204 288 1284 super
335 1205 554 1264 Matth.
599 1205 760 1264 XVI.
807 1204 987 1283 super
1034 1204 1260 1263 verbo:
1316 1205 1399 1263 Et
1446 1217 1672 1282 portae
1722 1203 1894 1262 inferi
1944 1224 2068 1264 non

112 1293 564 1374 praevalebunt
597 1293 885 1354 adversus
922 1315 1076 1363 eam,
1112 1294 1211 1352 ubi
1245 1294 1402 1363 dicit,
1447 1294 1617 1372 quod
1651 1291 1788 1352 talis
1823 1291 2071 1352 ecclesia

113 1405 238 1444 non
286 1382 542 1443 confistit
588 1385 646 1443 in
695 1383 1065 1462 principibus
1100 1381 1199 1442 vel
1234 1381 1551 1461 praelatis,
1599 1382 1702 1442 sed
1743 1383 1801 1441 in
1834 1382 2068 1441 haben-

113 1473 271 1533 tibus
318 1472 506 1531 fidem
553 1473 900 1544 formatam,
949 1473 1050 1551 qui
1082 1472 1151 1531 se.
1184 1472 1290 1531 soli
1324 1473 1446 1532 deo
1498 1473 1629 1532 noti
1677 1472 1823 1530 funt.
1889 1472 2069 1531 Unde

113 1561 492 1642 manifestum
542 1560 652 1635 est,
713 1562 882 1642 quod
930 1563 987 1621 in
1049 1562 1278 1620 casibus
1339 1561 1677 1640 praetac‘tis
1738 1560 2071 1621 consonum

114 1665 177 1711 et
223 1652 555 1712 veridicum
616 1665 752 1711 erat
811 1652 1044 1720 dicere,
1106 1650 1420 1711 ecclesiam
1479 1651 1579 1711 dei
1639 1650 1957 1710 consistere
2013 1651 2070 1709 in

113 1739 224 1802 illis
272 1741 510 1820 pauciS,
571 1741 672 1820 qui
731 1739 995 1801 conciliis
1043 1740 1101 1799 se
1152 1741 1588 1819 opponebant,
1649 1761 1774 1800 non
1824 1741 1881 1799 in
1937 1739 2070 1818 ipsis

114 1829 394 1901 conciliis,
429 1851 589 1909 quae
625 1831 932 1890 errabant.
982 1830 1162 1889 Hanc
1196 1831 1383 1890 etiam
1417 1828 1864 1890 conclusionem
1898 1843 2071 1889 tenet

113 1920 391 2000 expresse
440 1933 504 1978 et
552 1920 629 1978 ad
679 1918 919 1979 literam
952 1918 1165 2000 *glossa
1211 1919 1390 1997 super
1438 1941 1483 1979 e.
1531 1919 1591 1979 A
1640 1916 1813 1978 reSta
1848 1919 2072 1978 XXIV.

115 2032 210 2090 qu.
258 2029 469 2088 prima.
1409 2066 1411 2068 μ

777 2158 903 2217 XII.
965 2159 1419 2218 CONCLUSIO.

120 2277 284 2346 Quod
313 2276 554 2345 possibile
582 2277 658 2328 est
689 2276 833 2343 quod
862 2275 995 2327 solus
1029 2294 1172 2344 papa
1201 2277 1257 2327 fit
1284 2275 1370 2327 illa
1404 2275 1623 2327 ecclefia
1651 2293 1788 2342 quae
1816 2276 1920 2326 esse
1949 2276 2075 2327 dici-

307 2359 392 2402 tur
425 2351 531 2402 fine
567 2368 698 2418 ruga
732 2358 787 2402 et
821 2351 1027 2402 macula
1062 2359 1117 2403 et
1154 2351 1266 2425 ejus
1301 2351 1435 2402 fides
1470 2368 1577 2402 non
1615 2350 1791 2418 potest
1831 2350 2074 2403 deficere.

250 2457 446 2526 Patet,
496 2456 638 2535 quia
686 2454 821 2515 talis
871 2455 1135 2527 ecclesia,
1188 2470 1251 2515 ut
1291 2455 1519 2516 dicium
1569 2454 1668 2527 est,
1718 2455 1971 2516 consistit
2018 2458 2075 2516 in

119 2545 487 2605 habentibus
522 2543 708 2604 fidem
742 2545 1101 2621 formatam3
1146 2544 1299 2604 fides
1335 2558 1544 2604 autem
1577 2546 1845 2604 formata
1876 2546 2079 2623 potest

119 2637 177 2695 in
234 2633 364 2695 solo
425 2640 615 2713 papa'
652 2632 894 2706 salvari,
954 2634 1481 2714 quemadmodum
1540 2635 1598 2693 in
1655 2632 1783 2694 sola
1837 2635 2075 2715 virgine

119 2725 334 2784 dicitur
391 2722 624 2783 salvata
683 2723 847 2783 fuisse
907 2738 1195 2802 tempore
1255 2722 1540 2802 pasfionis
1592 2721 1817 2783 Christi.
1895 2724 2076 2784 Unde

121 2835 256 2874 cum
304 2814 362 2872 in
409 2832 533 2873 uno
582 2810 710 2873 solo
760 2810 896 2872 talis
944 2812 1099 2872 fides
1148 2810 1363 2872 salvari
1410 2812 1605 2891 poss1t,
1666 2813 1866 2894 magis
1914 2814 2074 2874 veri-

119 2901 303 2963 fimile
353 2902 452 2973 est,
511 2902 680 2982 quod
728 2903 785 2961 in
829 2900 935 2984 illo
991 2901 1121 2963 solo
1170 2901 1435 2961 salvetur
1484 2915 1547 2961 et
1595 2901 1770 2962 firma
1823 2917 2076 2963 maneat

122 3012 238 3072 pro
273 3011 414 3073 quO,
464 3005 529 3051 ut
562 3010 685 3051 non
736 2990 1048 3063 deficeret,
1098 2991 1363 3051 Christus
1399 2992 1601 3052 oravit
1648 2992 1883 3052 dicens:
1931 2991 2076 3075 Ego

123 3082 344 3163 rogavi
390 3080 496 3141 &c
543 3081 685 3140 Luc.
731 3080 920 3141 XXII.
997 3080 1170 3140 Licet
1226 3082 1387 3140 enim
1435 3082 1515 3140 ad
1570 3094 1814 3159 tempus
1862 3083 2078 3143 Petrus

125 3191 164 3230 a
201 3170 322 3231 fide
370 3170 673 3239 ceciderit,
723 3169 855 3248 ejus
905 3183 1111 3230 tamen
1161 3168 1314 3231 fides
1363 3169 1625 3231 finaliter
1672 3189 1795 3229 non
1837 3171 2078 3244 defecit,

125 3260 246 3319 imo
294 3259 470 3319 firma
516 3259 846 3338 permansit
892 3280 1088 3338 usque
1130 3260 1209 3318 ad
1257 3273 1527 3320 mortem
1577 3259 1766 3318 crucis
1814 3273 2078 3339 propter

127 3346 461 3408 efficaciam
509 3361 573 3408 et
618 3348 909 3408 virtutem
963 3349 1260 3408 orationis
1311 3348 1521 3408 Christi
1568 3348 1626 3406 in
1682 3347 1803 3407 hoc
1849 3348 2077 3428 specia-

126 3435 265 3498 liter
312 3450 695 3516 operantem.
763 3438 926 3497 Nam
965 3438 1243 3517 quamvis
1291 3458 1406 3516 pro
1458 3437 1739 3497 omnibus
1787 3437 2078 3518 apostolis

128 3539 193 3586 et
232 3526 688 3606 quibuscunque
740 3527 849 3586 suis
897 3523 1178 3586 fidelibus
1224 3523 1604 3608 generaliter
1638 3522 1901 3588 Christus
1935 3548 2078 3589 ora-
