2352 3808
1203 93 1273 145 72

266 268 667 350 obligatione,
715 269 857 329 ficut
888 290 998 329 rex
1031 270 1171 329 dicit
1209 269 1311 348 jus
1361 271 1418 328 in
1464 270 1613 331 solio
1662 270 1761 331 vel
1794 272 2076 334 tribunali
2112 274 2212 354 ju-

265 359 530 433 diciario,
580 359 746 438 cujus
794 359 1080 418 statutum
1129 358 1369 439 obligat
1401 360 1480 419 ad
1512 359 1735 441 aliquid
1771 363 2083 443 agendum
2113 362 2213 424 vel

265 469 390 510 non
454 449 782 530 agendum.
873 447 955 507 Et
1007 447 1110 526 jus
1175 448 1389 507 dicitur
1450 448 1549 508 vel
1598 449 1820 528 justum
1870 452 2037 530 quod
2092 452 2212 531 ipse

263 537 476 597 statuit.
567 538 650 597 Et
707 537 972 596 habetur
1029 556 1144 615 pro
1195 535 1356 615 justo
1406 535 1504 596 ille
1554 560 1738 618 quem
1784 538 2210 603 sententiando

265 624 548 699 absolvit,
609 639 672 685 et
730 646 846 704 pro
906 646 1018 685 reo
1080 647 1264 705 quern
1323 627 1709 687 condemnat.
1801 629 1882 688 Et
1929 629 2002 688 fic
2046 650 2215 710 papa

266 716 451 777 etiam
508 715 854 775 haereticus
910 715 1138 774 retinet
1194 714 1351 774 hanc
1409 715 1804 794 potestatem,
1877 718 1976 778 nifi
2035 719 2213 779 nobis

265 803 498 866 con’stet
545 805 827 864 divinitus
875 825 991 883 per
1039 817 1271 864 certam
1318 803 1767 866 revelationem
1813 806 1911 866 vel
1961 808 2215 868 evidens

265 892 633 967 miraculum,
682 891 845 953 illam
891 894 994 953 fibi
1043 891 1314 953 ablatam
1362 895 1482 954 esse
1530 895 1610 954 ab
1644 916 1740 969 eo,
1789 897 1889 976 qui
1921 895 2083 957 illam
2113 897 2216 957 fibi

265 981 532 1044 contulit.
625 983 805 1042 Unde
869 983 1151 1063 quicquid
1198 983 1439 1043 interim
1486 983 1608 1063 ipse
1666 983 1867 1044 statuit
1923 985 2023 1046 vel
2083 985 2214 1046 sen'-

265 1073 501 1146 tentiet,
549 1073 886 1133 dummodo
937 1093 1061 1133 non
1108 1070 1318 1132 laedat
1364 1072 1468 1134 suo
1517 1072 1739 1133 statuto
1773 1072 1872 1133 vel
1918 1074 2216 1136 sententia

255 1161 357 1242 jus
417 1160 695 1222 naturale
753 1160 853 1222 vel
912 1162 1207 1236 divinum,
1266 1182 1383 1241 pro
1435 1162 1576 1242 jure
1630 1161 1729 1223 vel
1778 1162 1938 1243 justo
1998 1178 2214 1226 tenen-

266 1253 411 1312 dum
459 1251 556 1311 est.

397 1341 485 1401 III.
532 1341 1029 1401 Fundamentum
1075 1339 1311 1400 sumunt
1359 1361 1436 1401 ex
1482 1341 1618 1414 hoc,
1667 1342 1823 1422 quia,
1882 1355 1949 1401 ut
1995 1343 2216 1418 dicunt,

267 1429 515 1492 ecclefia
563 1428 862 1490 catholica
908 1429 1356 1509 saepenumero
1404 1430 1668 1491 summos
1725 1430 2049 1509 pontifices
2097 1432 2216 1493 five

266 1541 303 1580 a
349 1519 471 1581 fide
520 1518 854 1580 delirantes
903 1519 1022 1580 five
1070 1520 1277 1599 pravis
1326 1520 1595 1580 moribus
1631 1521 1876 1580 notorie
1911 1519 2217 1581 ecclefiam

265 1608 753 1671 scandalizantes
802 1610 1068 1669 correxit
1102 1622 1165 1669 et
1202 1608 1514 1687 judicavit.
1576 1610 1797 1689 Neque
1829 1609 1931 1669 ubi
1963 1611 2041 1670 de
2073 1609 2216 1670 fidei

266 1697 539 1779 periculo
601 1712 705 1758 aut
751 1695 1044 1759 scandalo
1107 1697 1458 1758 christianae
1518 1696 1832 1779 religionis
1894 1699 2216 1781 agebatur,

266 1790 444 1849 Rom.
491 1787 878 1867 pontificibus
927 1789 1222 1866 pepercit.
1313 1787 1492 1847 Haec
1538 1787 1668 1847 sunt
1715 1788 1910 1847 verba
1955 1787 2218 1849 sesfionis

267 1875 641 1957 praedicitae.
744 1877 874 1937 Sed
937 1877 1079 1957 quia
1139 1877 1258 1936 hoc
1320 1877 1783 1936 fundamentum
1847 1877 2098 1937 confistit
2159 1878 2218 1938 in

269 1966 453 2040 facto,
488 1967 567 2027 ad
601 1965 764 2026 fasta
795 1966 1114 2039 vadamuS,
1149 1979 1212 2025 et
1246 1967 1604 2038 invenietur,
1654 1986 1778 2026 non
1813 1967 1932 2026 esse
1967 1967 2218 2029 omnino

268 2057 531 2117 veritate
580 2054 864 2116 fulcitum.
955 2055 1117 2114 Nam
1163 2055 1201 2114 fi
1252 2055 1592 2115 adducatur
1639 2056 1697 2114 in
1745 2056 2013 2115 medium
2052 2056 2219 2116 Mar·

269 2144 535 2220 cellinus,
584 2158 818 2205 certum
866 2144 964 2218 est,
1013 2145 1183 2224 quod
1228 2144 1323 2203 hic
1371 2165 1495 2205 non
1530 2142 1777 2217 concilii,
1825 2143 1928 2203 sed
1960 2143 2218 2224 suiipsius

259 2235 488 2316 judicio
537 2234 899 2295 sententiam
931 2235 1180 2313 recepit.
1242 2234 1420 2307 Nam,
1467 2246 1534 2292 ut
1566 2234 1752 2294 etiam
1783 2231 1960 2311 supra
1984 2231 2220 2293 dictum

269 2324 369 2397 est,
434 2322 751 2386 concilium
814 2324 1066 2405 cognito
1132 2341 1346 2383 errore
1410 2322 1541 2402 ejus
1605 2323 1779 2382 dixit:
1842 2321 2015 2381 Abfit
2069 2335 2135 2382 ut
2181 2342 2219 2382 a

269 2414 448 2474 nobis
505 2412 766 2473 summus
825 2412 1106 2492 pontifex
1154 2411 1490 2490 judicetur3
1552 2432 1662 2472 ore
1723 2424 1831 2471 tuo
1891 2424 1954 2470 te
1999 2410 2219 2489 judica.

268 2503 391 2582 Qui
455 2500 844 2562 Marcellinus
907 2501 1247 2580 respondit,
1321 2500 1403 2560 ob
1467 2500 1787 2561 idolatriae
1857 2497 2056 2559 scelus
2118 2521 2218 2560 me

258 2592 469 2672 judico
518 2592 976 2671 deponendum.
1069 2590 1249 2667 Quae
1298 2603 1507 2649 tamen
1556 2583 1870 2668 depofitio'
1905 2589 2215 2650 executio-

270 2703 412 2742 nem
458 2681 726 2741 habuisse
774 2701 898 2741 non
932 2679 1173 2761 legitur,
1220 2678 1323 2738 sed
1370 2678 1530 2738 bene
1577 2677 1819 2760 legitur,
1868 2678 2037 2757 quod
2084 2678 2216 2757 ipse

270 2770 595 2832 conversus
643 2771 724 2830 ad
771 2768 1006 2830 rectam
1049 2769 1355 2828 rationem
1388 2788 1425 2826 a
1456 2768 1656 2828 Decio
1704 2768 2082 2846 imperatore
2130 2767 2217 2826 in-

267 2858 432 2920 fideli
481 2858 808 2939 capitalem
855 2858 1216 2919 sententiam
1253 2858 1502 2935 accepit.
1566 2857 1631 2916 Si
1678 2876 1830 2917 vero
1881 2856 2218 2916 adducatur

270 2949 517 3010 fortasse
551 2947 738 3020 Felix,
773 2949 942 3028 quod
973 2947 1077 3008 sub
1105 2945 1459 3007 Constantio
1493 2945 1804 3025 depofitus
1837 2944 1918 3018 fit,
1951 2945 2216 3018 videant,

270 3039 439 3119 quod
486 3038 580 3097 hic
628 3058 752 3099 non
802 3038 943 3118 quia
975 3037 1338 3109 haereticuS,
1386 3035 1490 3095 sed
1524 3036 1665 3115 quia
1695 3033 2017 3094 haereticis
2049 3052 2215 3093 com-

268 3128 576 3187 municare
626 3125 895 3199 nolebat,
945 3127 1020 3186 ab
1069 3125 1194 3204 ipso
1246 3123 1599 3186 Constantio
1650 3124 1898 3183 favente
1946 3141 2216 3183 erroneo

269 3214 371 3276 illo
431 3234 582 3276 rom.
643 3214 895 3278 concilio
956 3216 1015 3274 in
1073 3213 1312 3275 exilium
1370 3213 1567 3273 missus
1628 3212 1733 3283 est,
1793 3211 1882 3271 cui
1938 3210 2214 3270 Liberius

268 3305 610 3365 haereticus
670 3305 1043 3387 suggerente
1105 3304 1331 3367 eodem
1379 3323 1502 3363 non
1551 3303 1608 3361 in
1656 3301 1836 3380 Spiru
1883 3320 1944 3371 S.,
2007 3298 2110 3360 sed
2156 3300 2214 3359 in

267 3393 470 3473 spiritu
533 3393 836 3461 diabolico
902 3404 1296 3476 congregato
1373 3389 1626 3452 concilio
1689 3388 2039 3449 substitutus
2116 3387 2212 3448 est.

269 3483 389 3560 Qui
437 3477 651 3541 tamen*
690 3481 858 3541 Felix
904 3482 1139 3542 sanctus
1190 3493 1253 3542 et
1299 3479 1630 3540 catholicus
1677 3491 1740 3538 et
1786 3498 1969 3537 verus
2004 3474 2213 3536 Christi
