2352 3808
1094 166 1198 219 113
1241 240 1273 245 -„

68 378 73 383 ·
167 347 551 408 Vincentius
581 343 615 405 l.
661 344 886 404 XXVI.
945 365 991 402 e.
1049 343 1213 402 XXI.
1306 342 1407 401 De
1469 338 1689 399 talibus
1750 352 1958 399 autem
2017 338 2118 418 qui

168 458 293 498 non
340 435 617 515 pastores
666 431 791 511 ipso
832 431 973 510 jure
1021 431 1153 491 sunt
1210 430 1312 490 sed
1362 431 1556 497 fureS,
1616 448 1740 489 non
1796 426 2118 507 loquimur,

166 527 282 587 sed
328 526 408 585 de
457 522 750 584 canonice
798 519 926 599 per'
962 520 1173 579 ostium
1222 540 1346 579 non
1396 540 1510 597 per
1560 517 1853 597 posticum
1886 518 2116 576 intran-

167 616 342 676 tibus
419 613 539 673 Ubi
586 625 794 672 tamen
843 630 1026 668 verus
1075 629 1241 687 papa
1283 608 1493 680 fuisset,
1543 608 1730 667 etiam
1766 626 1890 666 non
1923 606 2117 665 habe-

167 717 337 764 retur
381 701 778 781 propofitum,
828 699 969 778 quia
1016 698 1304 776 potuisset
1352 695 1586 775 ejeffitus
1622 697 1806 756 fuisse
1840 696 1919 755 de
1953 695 2118 756 facto

169 806 234 854 et
280 810 406 852 non
453 791 532 851 de
571 789 732 869 jure,
779 788 923 846 ficut
972 787 1157 845 etiam
1206 784 1374 845 multi
1412 784 1509 845 alii
1542 784 1867 864 pontifices
1900 784 2120 844 summi

167 880 377 960 injuste
426 879 606 959 ejecti
653 879 916 949 fuerunt,
965 889 1031 935 ut
1079 876 1136 933 in
1178 873 1509 953 praedictis
1545 875 1844 934 chronicis
1878 873 2120 955 legitur.

166 971 263 1031 Ex
309 989 433 1050 quo
482 982 693 1028 tamen
741 966 985 1026 minime
1033 963 1315 1044 sequitur,
1364 964 1534 1043 quod
1581 984 1750 1042 papa
1793 984 1829 1022 a
1872 962 2122 1023 subditis·

167 1058 346 1139 possit
404 1056 678 1139 legitime
743 1054 990 1134 deponi.
1085 1053 1185 1112 De
1245 1051 1584 1112 Benediffito
1644 1072 1799 1112 vero
1846 1051 1997 1112 XIII.
2057 1063 2122 1120 et

166 1149 406 1228 Joanne
453 1146 667 1206 XXIII.
726 1165 884 1225 quos
934 1143 1121 1202 etiam
1169 1142 1442 1212 adducit,
1503 1160 1628 1200 non
1688 1141 1772 1200 est
1831 1139 2121 1220 quaestiO,

75 1268 77 1270 ·
169 1233 311 1318 quia
370 1237 471 1316 ipsi
518 1234 826 1295 faciebant
872 1232 1125 1292 schisma
1174 1231 1232 1289 in
1281 1230 1553 1301 ecclefia,
1613 1243 1679 1290 ut
1727 1230 1948 1303 fertur,
1996 1248 2121 1289 uno

170 1338 425 1387 tenente
473 1345 659 1386 unam
706 1335 950 1403 partem
1010 1320 1434 1394 obedientiae,
1495 1318 1696 1379 altero
1754 1318 1950 1378 aliam.
2040 1318 2124 1377 Et

169 1417 229 1476 in
276 1436 421 1475 casu
469 1414 660 1486 dubii,
709 1412 959 1493 quando
1011 1430 1134 1470 non
1184 1409 1448 1469 habetur
1495 1408 1799 1468 certitudo
1850 1408 2121 1480 evidens,

170 1505 303 1584 quis
349 1504 416 1564 s1t
463 1524 646 1562 verus
705 1522 902 1581 papa,
967 1513 1031 1559 et
1090 1497 1343 1578 quilibet
1402 1516 1622 1557 eorum
1680 1496 1765 1556 est
1822 1498 2123 1575 pertinax,

170 1612 294 1654 non
337 1610 526 1674 negO,
574 1591 717 1670 quin
750 1603 1014 1669 propter
1047 1586 1391 1648 tollendum
1422 1586 1678 1646 schisma
1709 1587 1941 1646 debeat
1973 1606 2122 1665 pro-

170 1682 305 1742 cedi
353 1694 570 1742 contra
617 1692 962 1759 utrumque,
1011 1691 1076 1738 et
1124 1691 1266 1737 tunc
1315 1696 1439 1736 non
1487 1676 1693 1757 agitur
1741 1689 1958 1736 contra
2010 1695 2123 1754 pa-

170 1792 332 1851 pam,
379 1769 483 1830 sed
530 1782 748 1831 contra
794 1767 1252 1848 praesumptum
1290 1787 1538 1845 papam,
1587 1778 1654 1824 ut
1685 1763 1864 1843 supra
1895 1762 2123 1824 dictum

173 1860 271 1920 est.
363 1859 590 1919 Nititur
637 1858 823 1919 tertio
873 1857 1193 1937 praefatus
1242 1855 1623 1934 respondens
1673 1853 1901 1914 dictum
1947 1875 2125 1913 suum

171 1949 476 2010 roborare
523 1946 689 2009 dicto
724 1946 1044 2029 Augustini
1091 1946 1318 2019 dicenS,
1368 1945 1539 2025 quod
1582 1966 1719 2004 cum
1750 1945 1967 2004 Petrus
2001 1942 2124 2003 cla-

170 2059 281 2099 ves
327 2038 596 2117 accepit,
645 2035 958 2097 ecclefiam
1004 2034 1400 2118 significavit3
1465 2047 1530 2094 et
1588 2034 1757 2114 quod
1821 2033 1962 2094 ideo
2024 2033 2125 2092 uni

171 2127 360 2201 dedit,
407 2139 474 2186 ut
520 2127 818 2186 unitatem
867 2124 1155 2186 ecclefiae
1203 2123 1585 2206 significaret,
1636 2136 1700 2183 et
1746 2145 1861 2203 per
1913 2121 2123 2183 conse-

173 2237 367 2298 quens
416 2213 665 2276 ecclefia
712 2214 796 2275 est
829 2235 990 2294 quae
1024 2215 1216 2274 habet
1249 2212 1456 2273 claves
1499 2234 1649 2272 vere
1683 2234 1873 2292 super
1906 2233 2125 2273 omnes

172 2303 590 2385 principaliter
636 2317 701 2364 et
746 2325 936 2383 supra
983 2324 1230 2383 papam.
1276 2303 1381 2364 Ad
1422 2303 1607 2383 quod,
1655 2301 1796 2362 licet
1843 2301 2125 2362 sufficere

173 2394 417 2474 possent
447 2414 609 2474 quae
643 2391 808 2454 dicfta
838 2406 980 2452 sunt
1014 2394 1071 2452 in
1102 2393 1140 2452 I.
1173 2405 1355 2472 parte
1390 2390 1846 2463 concluS.XIV.,
1880 2413 2125 2451 verum-

174 2497 400 2556 tamen,
447 2496 514 2543 ut
560 2481 791 2555 sciatur,
840 2503 1026 2562 quam
1067 2482 1311 2543 modica
1343 2482 1427 2541 est
1459 2482 1615 2541 haec
1647 2481 2133 2562 argumentatio,

173 2571 495 2644 sciendum,
544 2572 716 2652 quod
761 2570 1089 2632 secundum
1136 2571 1256 2631 hoc
1305 2583 1634 2650 oporteret
1681 2570 1904 2641 dicere,
1958 2568 2133 2648 quod⁴

174 2661 383 2728 Adam
431 2679 557 2720 non
594 2661 843 2740 accepit
889 2660 1337 2721 humanitatem
1370 2674 1436 2719 ut
1468 2659 1828 2739 principium
1874 2671 1938 2718 et
1971 2658 2128 2729 fonS,

174 2751 337 2811 unde
371 2763 655 2810 manaret
687 2749 1080 2830 in,reliquum
1113 2762 1313 2810 totum
1346 2771 1547 2830 genus
1569 2749 1918 2809 humanum.
1967 2747 2129 2806 Nam

175 2839 318 2900 ideo
367 2839 555 2899 etiam
602 2840 756 2899 deus
804 2860 842 2898 a
890 2839 1350 2918 principio-non
1384 2836 1674 2917 pluribUS,
1722 2837 1836 2895 sed
1880 2836 1981 2894 uni
2013 2835 2127 2895 ho-

99 2965 102 2968 ·
176 2928 318 2989 mini
366 2941 651 2988 naturam
697 2927 1029 2988 humanam
1062 2928 1250 3000 dedit,
1299 2940 1365 2986 ut
1398 2927 1697 2986 unitatem
1731 2925 1977 2984 humani
2012 2945 2127 3005 ge-

177 3017 340 3090 neris
388 3016 768 3098 significaret,
827 3030 894 3077 ut
941 3017 1083 3076 dicit
1130 3016 1185 3075 b.
1233 3015 1590 3076 Ambrosius
1640 3015 1697 3074 in
1745 3011 1840 3072 lib.
1889 3014 1968 3072 de
2017 3033 2128 3092 pa-

177 3104 375 3166 radiso
424 3119 490 3166 et
536 3105 800 3166 habetur.
834 3106 1122 3166 XXXIII.
1172 3127 1267 3184 qn.
1316 3103 1478 3163 finali
1526 3126 1571 3162 e.
1619 3103 1672 3162 fi.
1738 3102 1914 3161 Circa
1961 3101 2131 3181 quod

177 3192 499 3268 sciendum,
547 3196 718 3275 quod
765 3195 906 3254 ficut
952 3194 1095 3254 dicit
1127 3193 1181 3252 b.
1218 3193 1596 3273 Gregorius:
1646 3191 1860 3270 divina·
1883 3190 2132 3270 quidem

179 3301 384 3362 opera
422 3283 496 3342 sic
542 3281 946 3366 intelligenda
992 3282 1139 3350 sunt,
1188 3295 1253 3340 ut
1301 3295 1364 3342 et
1412 3282 1468 3340 in
1503 3281 1766 3340 veritate
1801 3280 2134 3339 credantur

180 3368 344 3430 fac‘ta
390 3385 455 3431 et
501 3392 616 3451 per
662 3372 1009 3450 mysterium
1057 3369 1217 3431 aliud
1266 3370 1548 3439 innuant,
1608 3369 1749 3449 quia
1806 3368 2133 3428 secundum

179 3445 460 3540 regulam
507 3459 929 3542 theologicam
978 3460 1205 3518 nedum
1241 3459 1341 3518 dei
1373 3457 1472 3517 vel
1506 3480 1551 3517 S.
1584 3457 1916 3537 scripturae
1950 3454 2132 3527 dicta,

179 3546 284 3624 sed
330 3548 518 3613 etiam
564 3547 728 3610 faffita
761 3547 1181 3631 significativa
1195 3546 1343 3647 sunt,
1391 3548 1476 3607 ita
1508 3561 1717 3607 tamen
1752 3546 1922 3627 quod
1955 3544 2132 3628 figni

166 3668 169 3671 ·
269 3653 323 3691 Tu
300 3664 364 3692 urr
345 3654 570 3693 rem-emata.
1752 3649 1779 3690 8
