2352 3808
1174 131 1241 183 12

229 307 465 391 populo
500 331 762 372 romano
787 310 1179 389 judicabatur
1220 308 1504 389 pesfimus
1540 309 1746 391 pastor
1779 322 1844 369 et
1873 309 2177 393 sanguinis

231 401 501 461 omnium
550 399 787 474 effusor,
847 401 1008 460 adeo
1069 400 1238 479 quod
1294 399 1481 477 ipsum
1529 401 1713 461 morti
1759 399 2020 460 vicinum
2064 422 2176 462 un-

230 490 411 550 animi
459 489 742 550 consensu
792 510 1009 550 omnes
1048 488 1398 567 judicarent
1431 490 1746 572 indignum
1794 487 2180 551 ecclefiastica

229 577 550 658 sepultura.
615 579 985 658 Oppofitum
1018 591 1228 638 tamen
1274 576 1571 639 ostensum
1605 580 1809 639 divino
1846 591 1910 638 et
1941 579 2179 660 patenti

229 667 520 743 miraculo
569 690 685 748 per
731 666 1151 727 miraculosam
1184 668 1574 746 apertionem
1619 681 1844 748 portae
1893 666 2179 729 ecclesiae

228 757 262 817 s.
309 759 487 833 Petri,
537 758 914 821 ut.habetur
961 757 1019 816 in
1068 756 1355 817 chronica
1402 757 1786 818 Martiniana.

879 927 883 930 ’
917 906 985 965 ΙΙ.
1047 905 1498 967 CONCLUSIO.

230 1025 393 1094 Quod
434 1023 714 1076 concilium
754 1041 861 1076 non
900 1023 1067 1076 habet
1099 1022 1338 1091 judicare
1385 1041 1582 1092 papam
1621 1023 1691 1076 de
1730 1040 2047 1092 quocunque
2086 1024 2177 1076 de·

412 1098 554 1152 fectu
593 1106 850 1150 notatum.

358 1205 663 1266 Probatur
711 1202 1009 1265 conclufio
1058 1204 1317 1277 ratione,
1367 1201 1655 1283 exemplo
1689 1215 1754 1264 et
1794 1201 2180 1265 auftoritate.
2269 1264 2272 1267 ,

225 1296 494 1356 Ratione
528 1295 791 1375 quidem,
841 1295 982 1374 quia
1030 1314 1215 1354 omne
1253 1293 1546 1373 judicium
1595 1293 1944 1354 ordinatum
1990 1293 2182 1354 habet

227 1385 357 1445 fieri
404 1406 518 1464 per
564 1384 943 1463 superiorem
990 1383 1380 1462 potestatem,
1429 1382 1747 1443 concilium
1795 1395 2004 1442 autem
2052 1403 2179 1443 non

227 1475 418 1535 habet
464 1473 835 1553 potestatem
882 1472 1260 1552 superiorem
1307 1472 1595 1552 potestati
1642 1492 1873 1551 papae,
1929 1492 2066 1532 cum
2112 1471 2180 1532 fit

228 1585 351 1624 una
384 1564 713 1643 'utriusque
762 1562 1054 1642 potestaS,
1103 1575 1169 1622 ut
1201 1560 1474 1641 probant
1521 1563 1795 1622 rationes
1831 1581 1948 1640 pro
1997 1573 2178 1640 parte

230 1653 596 1713 affirmativa
643 1650 861 1727 factae,
911 1674 1071 1732 quae
1106 1653 1164 1711 in
1204 1652 1320 1711 hac
1368 1649 1750 1712 conclusione
1783 1671 1999 1711 verum
2032 1671 2178 1712 con-

231 1740 493 1802 cludunt.
554 1742 715 1802 Tum
764 1743 950 1802 etiam
998 1742 1138 1821 quia
1185 1741 1458 1821 potestas
1507 1739 1746 1820 papalis
1781 1761 1906 1801 non
1947 1738 2031 1799 est
2061 1760 2180 1819 po-

230 1831 413 1892 testas
461 1832 766 1910 primaria,
814 1830 918 1890 sed
964 1831 1203 1903 vicaria,
1257 1851 1417 1910 quae
1464 1829 1657 1891 solum
1704 1831 1783 1890 de
1830 1828 1912 1889 sui
1960 1842 2182 1890 natura

231 1921 421 1981 habet
467 1919 647 1999 supra
704 1920 763 1979 se
818 1919 1192 1999 potestatem
1238 1918 1586 1998 principalis
1647 1918 2019 1992 instituentiS,
2079 1917 2178 1977 nifi

233 2023 537 2091 appareat
570 2011 648 2069 de
682 2008 1081 2069 summissione
1115 2009 1246 2088 ejus
1282 2007 1530 2069 alterius
1572 2007 1860 2087 potestati
1892 2028 2008 2086 per
2040 2027 2182 2067 eum

234 2100 313 2159 ad
361 2120 545 2179 quem
591 2096 826 2177 spectat
874 2097 1061 2177 ipsam
1107 2097 1498 2171 summittere,
1548 2099 1716 2178 quod
1757 2117 1882 2157 non
1916 2108 2182 2176 apparet

233 2189 313 2249 de
363 2187 614 2262 Christo,
674 2209 842 2267 papa
897 2200 960 2247 et
1017 2185 1263 2247 ecclesia
1309 2185 1409 2247 vel
1468 2184 1739 2247 concilio.
1801 2187 1986 2268 Unde=
2040 2185 2182 2246 ficut

234 2277 437 2357 aliqua
484 2278 890 2337 communitas
948 2277 1257 2344 invadens
1295 2275 1463 2335 suum
1518 2274 1830 2336 re&orem
1878 2296 1915 2335 a
1961 2274 2180 2354 princi-

234 2366 356 2447 pali
388 2367 641 2426 domino
675 2365 1047 2425 substitutum
1094 2364 1293 2425 laesae
1342 2364 1670 2444 majestatis
1704 2385 1814 2424 rea
1846 2376 2182 2437 teneretur,

236 2477 371 2516 cum
404 2455 687 2514 debuerit
720 2454 1022 2514 recursum
1049 2456 1128 2514 ad
1153 2453 1553 2533 principalem
1586 2454 1847 2513 habere:
1881 2454 1965 2513 ita
1998 2454 2185 2513 etiam

235 2547 314 2606 de
363 2542 616 2605 concilio
667 2557 730 2603 et
776 2565 957 2622 papa.
1035 2542 1281 2603 Nullam
1337 2544 1499 2603 enim
1535 2541 2027 2622 jurisdictionem
2072 2542 2183 2601 ha-

235 2635 385 2694 bent
433 2634 753 2692 inferiores
801 2633 980 2712 super
1011 2624 1312 2692 vicarium
1349 2653 1582 2705 eorum,
1632 2631 1731 2691 nisi
1769 2632 1856 2691 eis
1905 2630 2183 2710 expresse

235 2723 301 2782 fit
348 2720 573 2782 collata
621 2743 658 2781 a
704 2723 976 2801 principe
1023 2719 1484 2803 subdelegante.
1560 2721 1774 2781 Debet
1829 2741 1986 2803 ergo
2036 2740 2183 2781 con-

237 2809 432 2889 cilium
490 2833 719 2890 papam
768 2825 1080 2871 errantem
1138 2812 1478 2871 admonere
1526 2809 1687 2871 filiali
1735 2811 2010 2885 caritate,
2069 2808 2182 2870 ob'-

236 2899 472 2960 secrare
522 2914 585 2959 et
632 2901 883 2974 hortarI,
931 2913 999 2961 ut
1033 2921 1313 2961 errorem
1359 2899 1525 2960 suum
1573 2898 1906 2981 cognoscat
1950 2911 2014 2959 et
2046 2918 2182 2959 cor-

237 2990 415 3070 rigat.
492 2989 681 3067 Quod
729 2989 767 3048 fi
815 3010 940 3049 non
988 2990 1228 3062 fecerit,
1287 2989 1478 3049 debet
1524 2989 1738 3049 haberi
1784 2987 2056 3049 recursus
2104 2986 2185 3046 ad

240 3077 551 3152 Christum,
600 3091 666 3137 ut
698 3077 886 3157 ipsum
918 3076 1213 3138 illuminet
1245 3076 1344 3138 vel
1381 3079 1460 3138 de
1509 3078 1714 3139 medio
1763 3074 1959 3150 tollat,
2006 3087 2074 3136 ut
2105 3076 2184 3136 de

239 3179 521 3244 tyranno,
569 3167 670 3247 qui
718 3187 844 3227 non
890 3167 1080 3227 habet
1125 3167 1517 3246 superiorem,
1565 3167 1706 3227 dicit
1750 3166 1785 3226 s.
1816 3165 2093 3226 Thomas
2126 3164 2185 3224 in

239 3252 334 3315 lib.
373 3255 453 3314 de
500 3276 631 3337 reg.
671 3257 855 3335 prinC.
918 3256 1311 3335 Sperandum
1360 3257 1521 3316 enim
1568 3255 1668 3330 est,
1717 3255 1886 3336 quod
1919 3253 2184 3314 Christus

241 3344 300 3404 in
334 3344 623 3404 vicarium
669 3346 1030 3405 abutentem
1078 3344 1386 3424 potestate
1433 3345 1537 3405 sua
1581 3344 1657 3404 fic
1704 3343 1984 3405 ostendet
2019 3342 2184 3422 judi-

241 3432 422 3506 cium,
484 3432 643 3493 ficut·
687 3434 828 3493 fecit
890 3435 948 3494 in
1010 3433 1386 3494 Anastafium
1445 3434 1508 3496 ΙΙ.
1570 3453 1800 3513 papam
1861 3431 2184 3492 haereticis

242 3522 790 3584 communicantem
821 3521 1036 3583 scilicet
1067 3524 1118 3583 F
1122 3524 1293 3584 otino
1327 3535 1392 3583 et
1422 3521 1708 3597 AchatiO,
1741 3521 1842 3602 qui
1874 3522 1984 3582 fuit
2015 3531 2184 3580 metu
