2352 3808
1008 141 1270 223 ..J-⁵-

0 341 9 373 ³
96 357 100 361 ·
165 324 389 384 cedere
438 323 724 384 decrevit.
816 321 911 381 Ex
958 322 1174 402 quibus
1221 320 1425 381 verbis
1483 318 1621 379 satis
1680 331 1884 398 patet,
1949 317 2118 398 quod

164 434 401 494 proper
448 413 572 492 ipsa
619 432 778 492 quae
827 410 989 471 diffta
1034 411 1166 471 sunt
1213 411 1614 471 fundamenta
1655 406 1844 468 talem
1875 407 2116 467 senten-

165 504 312 563 tiam
381 499 870 582 promulgarent.
983 502 1112 561 Sed
1171 521 1395 561 revera
1463 500 1725 560 fortiora
1791 496 2118 556 secundum

165 593 594 672 apparentiam
641 592 927 651 inducere
976 591 1321 670 potuissent,
1359 609 1532 669 quae
1565 587 1745 667 supra
1777 600 1988 647 tamen
2029 587 2116 645 in-

163 679 347 741 ducta
408 682 466 740 in
526 681 878 760 quaestione
928 694 991 740 et
1037 679 1232 741 soluta
1291 679 1436 739 sunt.
1530 677 1750 738 Melius
1810 677 1994 758 igitur
2051 689 2118 735 ut

162 771 405 830 videtur
451 768 614 837 salva
663 791 880 830 eorum
912 791 1068 849 pace
1103 769 1512 839 attendissent,
1561 768 1731 847 quod
1763 766 1801 825 fi
1834 766 2118 825 videatur

161 858 561 940 periculosum
619 861 792 919 unius
853 860 1065 939 capitis
1112 858 1343 938 judicio
1393 870 1592 918 totam
1641 855 1953 916 ecclefiam
1999 877 2116 937 gu-

161 950 420 1009 bernari.
482 950 564 1009 Et
597 950 765 1030 quod
799 970 875 1008 ex
922 949 1041 1009 hoc
1087 961 1154 1007 ut
1200 949 1406 1008 dicunt
1454 945 1825 1027 consurgere
1873 946 2118 1024 possunt

160 1037 352 1098 multa
410 1037 572 1098 mala
630 1037 867 1118 populo
930 1038 1262 1105 christiano.
1357 1036 1846 1097 Confiderassent
1905 1048 2115 1094 tamen

162 1149 238 1188 ex
271 1127 388 1188 alia
419 1142 616 1207 parte,
665 1129 835 1208 quod
867 1128 941 1187 fic
973 1129 1081 1187 fuit
1113 1128 1318 1187 divina
1349 1125 1654 1199 voluntas,
1704 1146 1864 1205 quae
1899 1122 2118 1184 cunffita

161 1219 287 1278 non
347 1218 468 1277 fine
533 1231 703 1278 certa
766 1219 1007 1278 ratione
1071 1217 1361 1289 decernit,
1425 1237 1586 1296 quae
1646 1236 1759 1274 nec
1817 1215 1986 1294 passa
2033 1213 2117 1273 est
2168 1262 2171 1265 .

159 1328 355 1387 usque
405 1308 462 1367 in
511 1306 802 1387 praesens
850 1306 954 1366 sub
1003 1305 1107 1366 tali
1155 1307 1329 1366 unius
1379 1306 1681 1387 regimine
1728 1303 2114 1364 stabilitatem

158 1396 298 1456 fidei
333 1398 643 1457 eradicari.
686 1397 893 1474 Quod
925 1417 1050 1456 non
1083 1396 1278 1455 sensui
1311 1397 1484 1455 unius
1517 1394 1616 1454 vel
1650 1394 1983 1454 multorum
2016 1414 2113 1453 as—

157 1487 546 1547 scribendum
595 1487 694 1560 est,
742 1486 844 1546 sed
893 1499 958 1545 ut
1007 1487 1091 1546 ait
1126 1486 1469 1565 propheta:
1519 1484 1963 1544 misericordiae
1998 1484 2113 1542 do-

157 1577 315 1649 mini,
375 1577 544 1656 quod
592 1597 718 1636 non
765 1575 963 1635 sumus
1013 1575 1365 1655 consumpti,
1425 1576 1567 1655 quia
1614 1587 1680 1634 ut
1727 1573 2115 1653 praemissum

159 1665 258 1739 est,
317 1667 519 1726 divina
565 1666 958 1745 providentia
1003 1665 1246 1745 semper
1291 1664 1432 1725 suae
1482 1662 1768 1724 ecclesiae
1816 1663 2114 1735 succurrit,

158 1752 298 1814 licet
346 1756 426 1815 ad
475 1754 931 1839 tempus-illam
980 1756 1203 1837 agitari
1250 1754 1603 1834 permiserit.
1696 1753 1886 1831 Quod
1919 1753 2112 1812 bene-

158 1843 356 1903 ficium
404 1865 520 1924 pro
570 1846 836 1906 maximo
885 1858 1250 1924 reputantes
1311 1845 1545 1904 debent
1592 1845 1798 1923 potius
1847 1843 2114 1902 divinam

159 1931 546 1994 clementiam
594 1933 964 2013 collaudare,
1014 1955 1198 2014 quam
1243 1934 1372 2013 ejus
1406 1933 1638 1994 sacrum
1673 1933 1954 1992 ordinem
1988 1950 2112 2012 quo

160 2023 387 2083 nedum
435 2023 756 2097 terrestria,
805 2023 908 2084 sed
956 2025 1143 2084 etiam
1177 2022 1461 2084 coelestia
1493 2021 1710 2083 cun8ta
1742 2022 1846 2082 sub
1879 2023 2113 2082 unitate

159 2111 465 2174 concludit
513 2114 841 2174 temerarie
890 2115 1244 2191 immutare3
1294 2127 1671 2194 cantareque
1719 2113 1954 2172 debent
1996 2132 2113 2191 po-

158 2203 275 2263 tius
324 2222 448 2262 non
498 2223 609 2263 ore
658 2215 913 2277 tantum,
971 2203 1075 2264 sed
1121 2202 1322 2283 spiritu
1374 2225 1509 2262 cum
1556 2201 1791 2282 psalm:
1850 2202 2113 2262 Benedi-

158 2293 274 2351 cite
310 2363 319 2371 ·
333 2305 559 2373 gentes
620 2293 806 2352 deum
865 2292 1133 2354 nostrum
1192 2306 1256 2353 et
1317 2294 1590 2352 auditam
1649 2292 1829 2352 facite
1891 2312 2114 2352 vocem

156 2378 351 2440 laudis
411 2380 572 2460 erS,
621 2383 732 2461 qui
790 2382 988 2460 posuit
1043 2384 1309 2443 animam
1357 2403 1561 2442 meam
1610 2382 1689 2441 ad
1736 2383 1941 2442 vitam.
2032 2381 2115 2441 Et

155 2469 288 2530 sunt
334 2471 529 2530 verba
577 2469 864 2531 ecclesiae
911 2470 1239 2531 secundum
1271 2470 1560 2554 glossam:
1610 2473 1713 2551 qui
1760 2470 1976 2551 posuit,
2025 2472 2111 2530 in-

157 2579 357 2638 quam,
407 2561 673 2619 animam
720 2581 925 2620 meam
973 2562 1052 2621 ad
1099 2562 1289 2620 vitam
1338 2563 1368 2621 i.
1411 2582 1461 2621 e.
1509 2561 1986 2640 praedestinavit
2034 2561 2113 2620 ad

154 2650 344 2708 vitam
390 2647 633 2731 gloriae
681 2651 1127 2728 praeveniente
1175 2652 1301 2710 vita
1349 2651 1623 2732 gratiae3
1673 2663 1736 2710 et
1784 2671 1908 2711 non
1943 2651 2114 2710 dedit

155 2740 535 2799 commoveri
583 2739 779 2818 pedes
839 2759 1045 2813 meOS,
1105 2739 1214 2799 scil.
1263 2760 1301 2799 a
1358 2739 1681 2800 stabilitate
1739 2739 1911 2813 fidei,
1971 2740 2114 2820 quia

154 2827 192 2887 fi
252 2825 433 2908 aliqui
493 2829 667 2910 digiti
727 2831 1018 2890 commoti
1073 2829 1205 2889 sunt
1253 2851 1289 2889 a
1336 2829 1458 2888 fide
1508 2843 1572 2889 et
1620 2830 1877 2889 caritate
1926 2830 2109 2891 ober-

97 2918 101 2924 ’
154 2917 370 2990 randO,
420 2930 628 2977 tamen
676 2919 872 2996 pedes
921 2919 1021 2998 ips1
1054 2918 1295 2979 stabiles
1326 2919 1637 2991 steterunt,
1687 2934 1750 2979 et
1782 2920 1834 2979 si
1858 2932 2109 2998 pertur-

153 3005 279 3065 bati
326 3005 425 3070 vel
474 3008 692 3088 agitati
741 3008 980 3081 fuerint,
1029 3009 1171 3088 quia
1216 3007 1394 3068 videl.
1443 3007 1707 3082 ecclefia,
1757 3029 1917 3090 quae
1962 3029 2108 3069 con-

153 3095 307 3155 tinet
366 3094 794 3156 ecclesiasticos
852 3097 994 3157 ficut
1052 3099 1248 3176 pedes
1309 3098 1567 3179 digitos,
1632 3119 1942 3178 nunquam
2001 3098 2110 3158 fuit

154 3182 430 3245 totaliter
478 3199 923 3258 commota,et
970 3187 1007 3246 fi
1058 3187 1238 3246 fuerit
1272 3189 1650 3267 quandoque
1684 3189 1940 3268 agitata,
1989 3187 2108 3248 hoc

152 3274 498 3351 permissum
547 3275 630 3334 est
677 3296 715 3334 a
761 3276 882 3335 deo
933 3277 1012 3335 ad
1059 3276 1512 3354 probationem.
1583 3277 1763 3336 Unde
1811 3277 2106 3338 subditur:

153 3361 359 3438 Quum
414 3364 682 3443 probasti
741 3385 855 3425 nos
905 3365 1049 3446 igne
1098 3365 1437 3426 haerefium
1486 3379 1550 3426 et
1595 3365 2105 3445 persecutionum,

153 3463 217 3510 et
273 3452 617 3512 examinasti
677 3453 817 3513 ficut
866 3455 1250 3514 examinatur
1298 3468 1658 3536 argentum,
1710 3457 1881 3536 quod
1927 3454 2105 3517 videl.

153 3540 297 3620 igne
357 3560 482 3600 non
542 3542 933 3615 consumitur,
992 3542 1094 3602 sed
1153 3545 1454 3621 probatur
1512 3558 1576 3604 et
1623 3559 1958 3627 purgatur:
2016 3547 2103 3604 in-
