2352 3808
1061 161 1129 214 41

96 339 454 422 republica,
503 362 664 422 quae
711 340 1020 420 praeesset
1069 340 1350 401 omnibus
1385 339 1465 399 de
1512 339 1969 412 communitate,
2018 353 2081 400 et

122 453 283 512 quae
341 432 542 511 posset
600 430 958 490 refraenare
1018 428 1214 490 malos
1271 442 1335 489 et
1383 429 1600 489 fovere
1658 428 1862 489 bonos
1925 429 2081 489 circa

122 541 199 581 ea
247 541 407 601 quae
462 520 775 599 pertinent
824 520 903 580 ad
959 520 1193 579 bonum
1239 519 1572 578 humanum
1621 531 1686 578 et
1732 517 1918 578 finem
1966 518 2078 578 ho-

121 610 294 670 minis
344 606 717 686 naturalem3
766 622 831 669 et
862 610 1015 669 deus
1049 610 1123 669 fic
1155 606 1488 687 praefectis
1535 608 1881 688 impartitur
1913 606 2078 667 suum

120 700 406 760 influxum
451 696 818 780 generalem
866 717 945 758 eo
995 698 1215 770 modo,
1273 718 1397 779 quo
1448 718 1666 758 omnes
1716 718 1816 757 res
1866 710 2079 758 movet

120 802 184 849 et
221 788 401 868 juvat
448 789 506 847 in
549 786 654 847 suo
705 789 825 848 esse
861 801 924 847 et
956 787 1223 867 propriis
1275 787 1742 865 operationibus
1778 787 1835 845 in
1869 787 2077 847 varios

117 878 351 959 gradus
411 897 637 937 earum.
714 878 931 937 Petrus
982 890 1218 947 autem,
1278 877 1368 935 cui
1428 875 1689 936 succedit
1736 896 1905 955 papa
1954 895 2076 936 non

117 967 259 1027 ficut
306 965 549 1045 fimplici
595 966 902 1046 episcopQ
951 966 1054 1026 sed
1101 966 1243 1026 ficut
1278 965 1488 1025 Christi
1535 963 1816 1047 generali
1849 966 2075 1025 vicario

115 1055 293 1136 supra
340 1068 540 1116 totam
589 1054 915 1126 ecclefiam,
965 1053 1159 1115 factus
1194 1055 1279 1115 est
1323 1055 1600 1134 expresse
1636 1068 1699 1115 et
1731 1055 1872 1115 viva
1918 1075 2075 1115 voce

115 1146 372 1222 vicarius
421 1166 458 1205 a
507 1145 741 1207 Christo
798 1144 1148 1206 universalis
1198 1158 1262 1204 et
1308 1144 1623 1226 generalis
1681 1144 1924 1204 dicente
1973 1144 2074 1204 fibi

117 1234 351 1296 Christo
383 1234 472 1313 Jo.
504 1235 700 1295 XXI.:
748 1236 938 1295 Pasce
989 1256 1142 1299 oves
1177 1254 1364 1294 meas,
1430 1234 1513 1294 Et
1556 1235 1629 1293 fic
1661 1246 1856 1312 patet,
1905 1234 2075 1314 quod

116 1316 241 1385 non
290 1324 518 1384 eodem
566 1325 756 1385 modo
805 1324 937 1384 sunt
980 1325 1183 1384 vicarii
1231 1324 1326 1383 hic
1374 1336 1437 1383 et
1486 1322 1581 1397 illi,
1631 1324 1773 1403 quia
1819 1323 1913 1382 hic
1960 1343 2075 1401 per

114 1412 436 1494 specialem
493 1412 955 1491 institutionem;
1016 1412 1094 1473 illi
1141 1434 1295 1474 vero
1345 1434 1461 1492 per
1513 1410 1881 1495 generalem
1928 1433 2071 1491 per-

113 1502 462 1564 missionem.
554 1503 735 1563 Unde
799 1504 879 1563 de
950 1503 1317 1583 quibusdam
1387 1523 1605 1562 eorum
1675 1500 1903 1562 dictum
1973 1501 2071 1568 est,

114 1591 316 1654 Oscae
363 1586 538 1653 VIIL:
598 1593 706 1672 Ipfi
762 1606 1216 1674 regnaverunt,
1277 1605 1340 1651 et
1400 1612 1525 1652 non
1585 1612 1663 1651 ex
1720 1612 1847 1661 me,
1909 1589 2070 1671 quafi

113 1682 371 1743 diceret:
411 1682 710 1764 Regnare
745 1683 993 1762 quidem
1026 1681 1162 1742 illos
1195 1681 1452 1761 permisi,
1486 1701 1610 1742 non
1644 1681 2067 1741 intercidendo

38 1846 41 1847 ⁷
111 1769 211 1831 vel
270 1770 684 1832 subtrahendo
734 1770 844 1832 illis
893 1793 1099 1832 meum
1153 1769 1520 1853 generalem
1580 1772 1884 1841 influxum‚
1944 1789 2068 1850 quo

111 1860 318 1921 omnia
364 1874 695 1921 moventur
728 1875 792 1921 et
826 1875 1037 1943 agunt,
1084 1860 1188 1920 sed
1235 1875 1446 1921 tamen
1489 1881 1566 1920 ex
1598 1881 1698 1919 me
1747 1880 1872 1919 non
1920 1879 2068 1939 pro-

110 1949 271 2010 cesfit
316 1948 588 2030 specialis
638 1971 856 2011 eorum
902 1951 1218 2029 promotio
1269 1949 1554 2011 effective
1602 1947 1702 2009 vel
1752 1948 2067 2028 approba-

111 2039 251 2113 tive,
299 2038 402 2099 sed
450 2041 881 2100 tantummodo
929 2039 1287 2119 permissive.
1343 2041 1408 2100 Si
1457 2053 1667 2099 autem
1715 2037 1928 2118 aliquis
1978 2038 2066 2096 di-

110 2149 250 2189 cere
283 2126 490 2202 vellet,
539 2130 708 2209 quod
747 2129 881 2209 pari
915 2130 1102 2189 etiam
1134 2129 1326 2190 modo
1361 2129 1768 2189 communitas
1801 2128 2069 2186 humana

107 2212 311 2297 potest
355 2216 647 2298 papalem
693 2218 1066 2298 potestatem
1113 2217 1419 2279 instituere
1466 2240 1542 2278 ex
1589 2214 1870 2299 generali
1919 2237 2066 2276 con-

110 2306 369 2368 cesfione
425 2309 646 2377 divina,
707 2308 863 2382 dico,
923 2309 1094 2390 quod
1143 2307 1526 2368 ostendenda
1576 2306 1661 2366 est
1714 2306 1870 2365 haec
1918 2325 2065 2366 con-

110 2394 285 2456 cesfio
332 2394 433 2456 vel
492 2396 814 2476 potestatis
875 2396 1140 2457 collatio,
1208 2398 1377 2458 *Non
1437 2409 1647 2456 autem
1695 2407 1960 2475 apparet
2007 2395 2064 2453 in

109 2497 247 2546 toto
297 2485 547 2545 decursu
597 2484 980 2568 evangelico,
1028 2500 1094 2546 ut
1141 2484 1370 2546 dictum
1403 2486 1487 2546 est
1521 2485 1699 2564 supra
1748 2486 1805 2543 in
1855 2484 2066 2564 quinta

107 2574 380 2651 ratione3
441 2576 519 2634 de
582 2577 711 2636 non'
766 2576 1208 2654 apparentibus
1259 2589 1322 2635 et
1371 2595 1495 2635 non
1545 2566 1933 2634 existentibus
1983 2571 2067 2632 est

108 2663 270 2723 idem
317 2663 625 2743 judicium.
702 2665 783 2724 Et
843 2665 944 2725 iste
1002 2661 1265 2744 punctus
1322 2665 1509 2724 etiam
1557 2675 1854 2744 tangetur
1912 2661 2066 2721 infra

107 2751 489 2814 conclufione
536 2753 724 2826 XIV.‚
784 2754 883 2813 ubi
945 2754 1326 2826 ostendetur,
1386 2754 1554 2834 quod
1611 2751 1717 2813 soli
1764 2752 1951 2811 Petro
2002 2763 2065 2810 et

105 2840 549 2915 successoribuS,
599 2856 663 2902 et
711 2861 835 2903 non
881 2843 981 2923 ipfi
1032 2843 1454 2904 communitati
1504 2839 1790 2903 ecclefiae
1839 2838 2065 2901 collata

107 2930 191 2991 est
230 2952 268 2991 a
301 2931 533 2992 Christo
582 2931 932 2992 universalis
979 2932 1269 3012 potestaS.
1325 2932 1428 2993 Est
1476 2932 1661 2992 etiam
1709 2931 1864 2990 haec
1898 2930 2063 2990 Con-

106 3018 284 3081 clufio
333 3021 413 3081 de
447 3033 656 3081 mente
690 3022 748 3081 ss.
781 3018 1128 3093 doctorum,
1175 3023 1509 3101 praecipue
1542 3020 1576 3080 s.
1609 3020 1915 3091 Thomae‚
1963 3018 2063 3078 ubi

105 3107 298 3188 supra,
347 3110 448 3170 ubi
496 3110 653 3183 dicit,
711 3110 880 3190 quod
926 3131 1096 3190 papa
1143 3111 1383 3172 confert
1431 3108 1867 3171 auctoritatem
1915 3128 2061 3169 con-

107 3195 255 3259 cilio.
312 3199 377 3260 Si
411 3199 597 3280 igitur
645 3197 962 3260 concilium
996 3201 1308 3260 conferret
1355 3197 1790 3261 auctoritatem
1837 3217 2062 3277 papae,

107 3285 256 3346 esset
302 3289 560 3370 nugatio
611 3301 674 3348 et
731 3286 1040 3349 circulatio
1101 3290 1159 3348 in
1218 3289 1393 3349 causa
1441 3302 1505 3348 et
1560 3286 1832 3358 causatiS‚
1892 3287 2062 3367 quod

107 3373 191 3434 est
223 3372 488 3436 alienum
521 3378 600 3437 ab
634 3378 799 3438 omni
846 3378 1104 3438 ratione.
1168 3378 1348 3438 Hanc
1381 3378 1567 3438 etiam
1616 3375 2063 3439 conclufionem

105 3464 293 3525 docet
326 3477 390 3525 et
419 3466 651 3549 probat
698 3466 987 3548 magister
1033 3467 1321 3527 Herveus
1363 3468 1421 3526 in
1460 3465 1563 3527 suo
1611 3465 1767 3530 libro
1817 3466 1897 3526 de
1944 3487 2059 3546 po-

105 3551 324 3612 testate
381 3574 603 3634 papae.
679 3555 780 3615 Est
840 3556 1026 3615 etiam
1083 3562 1222 3635 per·
1253 3557 1310 3615 ss.
1358 3575 1631 3616 canones
1690 3555 2060 3635 approbata,
