2352 3808
1213 123 1284 175 80

273 308 569 374 potentes
629 297 1069 375 principantur,
1140 299 1554 374 tymocrachia
1619 301 1676 359 in
1736 321 1858 380 qua
1915 300 2084 360 multi
2143 323 2220 361 ex

274 382 509 462 plebeis
558 386 963 445 dominantur.
1042 386 1319 462 Quarum
1366 386 1701 466 specierum
1747 390 2009 468 primam
2056 391 2217 469 opti-

274 494 437 532 mam
494 475 684 553 ponit.
775 475 857 533 Et
916 495 1040 534 non
1089 474 1173 534 est
1219 475 1746 554 praesumendum⁷
1806 480 1973 558 quod
2019 477 2218 557 philo-

273 561 497 642 sophus
558 584 682 623 non
744 564 906 623 bene
955 564 1385 637 confideravit,
1446 568 1615 646 quod
1673 589 1826 627 unus
1874 568 2220 646 principans

274 651 530 712 faciliter
576 653 778 731 potest
824 654 1216 735 degenerare
1267 674 1302 713 a
1347 654 1526 714 bonis
1574 657 1845 716 moribus
1895 669 1959 716 et
1991 657 2069 715 de
2101 657 2220 716 vir-

275 741 448 825 tuoso
497 741 625 800 fieri
672 742 917 802 vitiosus
978 756 1041 802 et
1099 744 1178 802 de
1235 764 1388 824 rege
1437 745 1494 804 in
1543 758 1868 822 tyrannum
1915 745 2220 823 converti3

275 844 338 889 et
385 844 611 903 tamen,
670 831 759 890 his
809 833 1375 893 inconvenientibus
1426 855 1550 894 non
1601 834 1989 907 obstantibuS‚
2049 847 2222 895 tenet

274 920 692 979 monarchiam
741 921 861 980 esse
912 923 1211 1001 optimam
1259 923 1569 1003 regiminis
1618 922 1892 1002 speciem.
1950 925 2031 983 Et
2079 924 2219 983 ideo

275 1027 399 1067 non
449 1009 683 1082 mirum,
733 1010 770 1068 fi
819 1024 1117 1070 aeternae
1165 1010 1497 1090 sapientiae
1547 1013 1684 1071 fons
1732 1014 1808 1072 D.
1839 1013 1882 1091 J.
1918 1013 2056 1073 Chr.
2103 1013 2222 1072 hoc

274 1097 463 1177 ipsum
510 1099 847 1159 advertens
897 1099 1183 1160 ecclefiae
1231 1100 1372 1160 suae
1421 1102 1580 1161 hunc
1627 1103 1878 1162 modum
1910 1098 2220 1183 regiminis

273 1187 613 1268 dereliquit,
676 1188 866 1249 solum
928 1189 1106 1249 videl.
1154 1191 1402 1250 Petrum
1450 1190 1528 1250 illi
1575 1191 2007 1270 praeficiendo.
2091 1191 2222 1250 Nec

275 1278 573 1337 debemus
637 1278 755 1338 hoc
816 1300 933 1358 pro
999 1279 1214 1358 injuria
1267 1279 1569 1360 suscipere
1634 1282 1804 1361 quod
1866 1281 2043 1340 nobis
2103 1297 2221 1359 pro
2285 1270 2290 1274 ⁸

275 1388 526 1427 munere
575 1388 806 1450 magno
855 1370 1299 1429 conferendum
1345 1370 1658 1450 propheta
1691 1371 1746 1430 in·
1781 1369 1982 1449 spiritu
2014 1367 2220 1429 sancto

272 1458 593 1535 praedixit,
642 1459 743 1517 ubi
791 1459 902 1518 ait:
951 1459 1276 1519 Suscitabo
1325 1459 1503 1539 super
1534 1480 1648 1520 vos
1681 1459 1989 1538 pastorem
2022 1480 2221 1532 unum,

272 1546 497 1606 Exech.
544 1547 831 1607 XXXIV.
922 1549 1004 1608 Et
1049 1548 1255 1627 pastor
1302 1570 1455 1609 unus
1505 1550 1620 1608 erit
1668 1550 1936 1609 omnium
1990 1568 2221 1622 eorum,

271 1636 489 1695 Ezech.
537 1637 847 1696 XXXVII.
942 1638 1121 1715 Quae
1170 1638 1477 1721 promisfio
1526 1637 1850 1698 secundum
1897 1635 2066 1719 gloss.
2114 1636 2223 1696 fuit

273 1724 525 1805 impleta
573 1726 630 1785 in
678 1727 754 1786 D.
799 1727 844 1805 J.
894 1728 1033 1787 Chr.
1083 1740 1147 1787 et
1195 1728 1647 1788 continuabitur
1693 1748 1885 1807 usque
1933 1728 1992 1786 in
2037 1725 2223 1785 finem

271 1836 386 1895 per
434 1816 565 1895 ejus
597 1817 876 1891 vicarios,
926 1817 1023 1876 nifi
1058 1817 1436 1898 ingratitudo
1470 1818 1737 1877 humana
1770 1814 2222 1894 illamabjiciat,

274 1919 337 1965 et
383 1906 462 1965 de
496 1906 852 1966 monarchia
885 1905 1371 1966 aristocrachiam
1403 1905 1501 1966 vel
1536 1907 1992 1967 timocrachiam
2025 1905 2237 1980 faciat.

272 1995 413 2055 sicut
480 1995 764 2055 videntur
824 2010 1047 2076 optare
1107 1997 1414 2055 contraria
1473 1995 1802 2075 praedictis
1870 1996 2222 2068 asserenteS,

272 2084 604 2144 statuentes
653 2084 945 2146 summum
991 2085 1309 2164 potestatis
1359 2087 1597 2165 apicem
1646 2107 1770 2146 non
1819 2085 1876 2143 in
1924 2105 2064 2157 uno,
2119 2082 2224 2142 sed

274 2175 331 2233 in
379 2173 763 2234 multitudine
812 2173 1253 2255 praelatorum.
1346 2176 1535 2252 Quod
1566 2175 1604 2233 fi
1651 2174 1773 2247 fiet,
1822 2173 2223 2233 dubitandum

276 2264 360 2324 est
407 2285 484 2323 ne
532 2264 608 2323 D.
641 2264 805 2343 Jesus
854 2264 1079 2325 malum
1126 2262 1390 2323 dilectae
1439 2262 1731 2323 ecclefiae·
1756 2261 2035 2343 plangat,
2081 2262 2224 2321 ficut

275 2367 339 2414 et
387 2352 532 2415 olim
579 2352 682 2413 sub
730 2355 925 2414 veteri
959 2354 1324 2413 testamento
1359 2374 1472 2432 per
1503 2353 1829 2431 Jeremiam
1862 2349 2222 2431 conquestus

276 2442 375 2517 est,
446 2443 653 2502 dicens
724 2444 782 2503 in
837 2464 882 2502 c.
928 2443 1083 2502 XII.:
1159 2442 1438 2503 Pastores
1509 2440 1681 2501 multi
1749 2439 2024 2500 demoliti
2091 2439 2223 2499 sunt

274 2535 516 2593 vineam
548 2553 769 2610 meam3
818 2532 1330 2593 conculcaverunt
1361 2544 1606 2611 partem
1638 2530 2222 2607 meam37dederunt

278 2623 635 2703 portionem
683 2643 885 2682 meam
933 2620 1397 2682 desiderabilem
1430 2623 1487 2680 in
1520 2619 1824 2680 desertum
1855 2617 2234 2694 solitudini53.

274 2712 606 2792 posuerunt
654 2732 794 2775 eam
841 2712 899 2770 in
947 2711 1406 2790 disfipationem,
1454 2708 1723 2789 luxitque
1770 2707 1948 2786 super
1979 2728 2093 2766 me.
2139 2705 2221 2765 Et

275 2803 393 2862 hoc
439 2801 580 2861 inde
629 2801 729 2874 est,
778 2802 919 2881 quia
966 2821 1044 2860 ex
1091 2799 1471 2860 multitudine
1519 2798 1965 2877 principatuum
2025 2795 2217 2855 sibii'n-

274 2892 469 2952 vicem
527 2910 652 2951 non
706 2889 1243 2950 subordinatorum·
1285 2901 1352 2948 ut
1406 2889 1463 2947 in
1512 2885 1763 2948 concilio
1813 2886 2217 2966 contingeret,

275 2981 542 3061 sequitur
588 2992 654 3038 ut
700 2978 1022 3058 plurimum
1069 2979 1303 3038 discors
1350 2977 1662 3051 sententia,
1725 2995 1802 3035 eo
1851 2974 2018 3054 quod
2064 2991 2216 3032 unus

278 3069 575 3143 construit,
635 3067 793 3128 alter
850 3067 1111 3141 destruit,
1169 3080 1431 3146 propter
1478 3066 1663 3146 quod,
1720 3077 1786 3123 ut
1832 3063 1971 3123 dicit
2017 3059 2215 3141 philo-

277 3160 501 3238 sophus
551 3159 580 3217 i.
606 3156 707 3217 ult.
754 3158 1125 3236 metaphys:
1174 3156 1356 3215 Entia
1390 3154 1550 3215 male
1583 3155 2003 3232 disponuntur,
2052 3151 2218 3210 entia

277 3268 428 3308 vero
478 3245 693 3306 nolunt
738 3245 898 3306 male
945 3246 1187 3325 disponi
1202 3268 1217 3323 3
1267 3245 1461 3305 omnis
1504 3243 1663 3304 enim
1695 3239 2015 3301 multitudo
2049 3241 2214 3319 prin-

279 3339 585 3418 cipatuum
632 3334 808 3410 mala,
857 3357 1008 3395 unus
1058 3336 1240 3417 igitur
1285 3337 1585 3413 princepS.
1675 3331 1774 3391 Sic
1820 3330 2001 3410 igitur
2046 3342 2110 3389 et
2156 3329 2214 3388 in

280 3423 525 3487 ecclesia
574 3424 782 3484 Christi
839 3422 1138 3486 catholica
1184 3445 1336 3483 unus
1386 3423 1469 3482 est
1513 3434 1748 3482 tantum
1793 3419 2095 3498 princepS‚
2155 3418 2213 3476 in

280 3533 403 3596 quo
451 3513 766 3594 potestatis
813 3512 1130 3592 plenitudo
1178 3511 1559 3574 solummodo
1617 3509 1933 3587 reperitur.
2025 3505 2213 3583 Quod
