2352 3808
1187 133 1254 185 18

242 312 360 371 Ubi
419 311 606 370 etiam
663 311 819 369 infra
876 310 1017 368 dicit
1076 309 1370 388 expresse,
1431 309 1600 388 quod
1649 308 1912 368 Christus
1966 310 2191 382 dicenS,

240 399 419 480 super
477 391 836 459 cathedram
892 398 1084 476 Moysi
1143 397 1431 456 sederunt
1487 396 1714 456 scribae
1776 411 1839 457 et
1893 397 2190 476 pharisaei

242 485 370 563 etcT.⁷
429 489 736 568 praevidit
783 488 969 546 etiam
1017 485 1174 546 tales
1223 486 1500 565 pastores
1549 487 1788 546 futuros
1836 487 1895 545 in
1944 485 2190 548 ecclesia

237 577 356 651 sua,
406 591 470 637 et
517 591 726 637 tamen
774 577 1060 636 hortatur
1092 596 1217 636 non
1251 588 1317 634 ut
1364 575 1523 654 ipsos
1573 575 1941 654 abjiciamuS,
1988 575 2091 636 sed
2122 590 2189 637 ut

239 667 530 726 faciamus
580 687 740 746 quae
790 666 1011 739 dicunt⁷
1061 678 1124 724 et
1173 685 1298 725 non
1346 684 1506 743 quae
1554 665 1792 724 faciunt.
1868 664 1951 724 Et
1985 665 2023 724 fi
2056 665 2187 725 Au·

236 756 504 837 gustinus
569 755 687 815 hoc
749 755 889 813 dicit
951 752 1332 835 generaliter
1390 754 1470 812 de
1531 754 1811 812 omnibus
1874 753 2186 833 praelatiS‚

237 843 428 905 multo
490 857 698 904 tamen
747 844 944 925 magis
1004 843 1195 902 habet
1253 841 1455 902 locum
1503 843 1560 901 in
1607 842 1892 921 praelato
1940 841 2186 922 praela—

236 947 453 993 torum.
523 933 737 1010 Qualis
772 953 929 1014 ergo
979 932 1304 992 secundum
1337 931 1739 1012 Augustinum
1788 932 1907 991 esse
1956 933 2187 993 debeat

233 1044 417 1102 papa,
471 1021 755 1082 videlicet
802 1021 1122 1101 postquam
1174 1021 1259 1080 est
1312 1041 1494 1099 papa,
1554 1041 1677 1080 non
1726 1020 1811 1080 est
1857 1042 1894 1080 a
1939 1021 2184 1082 subditis

234 1112 692 1172 discutiendum.

365 1200 494 1260 Sed
553 1201 787 1259 diceret
845 1201 1006 1260 forte
1067 1198 1297 1279 aliquiS‚
1357 1200 1526 1278 quod
1575 1199 1677 1259 etsi
1737 1197 1934 1258 nullus
1991 1198 2181 1266 homo

231 1290 434 1368 potest
480 1311 709 1368 papam
747 1289 1043 1368 judicare,
1101 1288 1313 1348 saltem
1360 1288 1480 1347 hoc
1534 1288 1736 1366 potest
1782 1288 1986 1348 facere
2034 1308 2181 1349 con-

232 1377 427 1438 cilium
484 1377 812 1460 generale,
873 1379 1042 1458 quod
1102 1398 1226 1437 non
1288 1377 1371 1436 est
1427 1376 1726 1437 subditum
1784 1398 2019 1456 papae,
2078 1377 2181 1438 sed

229 1467 408 1546 supra
454 1489 697 1546 papam.
767 1467 960 1546 Resp.‚
1010 1468 1179 1547 quod
1214 1479 1278 1526 et
1310 1467 1347 1525 s1
1378 1487 1420 1549 'a
1453 1465 1754 1526 nonnullis
1789 1466 1908 1525 hoc
1950 1467 2179 1541 dicitur,

230 1578 267 1615 a
299 1556 464 1617 nullo
515 1570 722 1616 tamen
771 1557 1093 1635 probatur,
1142 1569 1207 1615 et
1239 1556 1381 1616 ideo
1433 1556 1656 1615 eadem
1704 1554 1990 1615 facilitate
2031 1576 2177 1616 con-

230 1646 564 1724 tempnitur
612 1667 733 1725 qua
779 1646 1163 1724 proponitur.
1232 1645 1583 1704 Secundum
1626 1644 1745 1705 hoc
1778 1645 1938 1704 enim
1986 1663 2177 1724 opor-

228 1747 391 1794 teret
450 1735 672 1807 dicere,
732 1735 902 1814 quod
960 1735 1239 1794 membra
1297 1733 1558 1813 dispersa
1603 1733 1734 1794 sunt
1782 1734 2028 1814 quidem
2075 1733 2178 1794 sub

227 1825 445 1902 capite,
494 1829 662 1884 unita
707 1843 861 1883 vero
909 1824 1040 1883 sunt
1087 1824 1264 1902 supra
1313 1836 1512 1902 caput,
1565 1824 1735 1903 quod
1783 1822 1867 1883 est
1914 1836 2041 1882 tam
2087 1824 2175 1883 in-

226 1911 488 1972 fideliter
536 1934 720 1993 quam
760 1911 1184 1972 innaturaliter
1217 1912 1459 1985 dietum,
1508 1925 1573 1971 ut
1606 1912 1760 1971 infra
1809 1912 2175 1972 ostendetur.

224 2001 354 2060 Sed
402 2015 619 2062 contra
666 2000 1113 2062 conclusionem
1161 2002 1326 2061 istam
1359 2002 1601 2061 videtur
1641 2002 1762 2061 esse
1811 2001 2088 2080 expresse
2130 2022 2174 2061 e.

224 2090 290 2150 Si
347 2111 516 2169 papa
573 2091 692 2150 dist.
750 2091 902 2164 XL.⁷
961 2091 1061 2150 ubi
1122 2091 1358 2164 dicitur,
1419 2091 1587 2171 quod
1644 2111 1812 2170 papa
1869 2092 1948 2150 de
2006 2089 2172 2151 nullo

225 2179 470 2238 crimine
520 2201 557 2239 a
603 2201 971 2260 quocunque
1020 2179 1371 2241 mortalium
1414 2179 1740 2258 judicatur,
1798 2179 1896 2239 nisi
1945 2180 2170 2259 depre-

223 2268 529 2328 hendatur
560 2290 597 2328 a
629 2269 750 2328 fide
800 2270 1029 2329 devius.
1098 2270 1193 2329 Ex
1240 2289 1363 2349 quo
1412 2269 1694 2348 sequitur,
1743 2269 1912 2350 quod
1958 2268 2171 2329 saltem

223 2357 302 2416 de
350 2357 583 2417 haeresi
631 2358 710 2416 ab
759 2357 1006 2418 homine
1055 2358 1257 2437 potest
1304 2357 1578 2436 judicari.
1654 2360 1784 2418 Sed
1831 2358 2170 2433 dicendum,

220 2444 526 2524 suppofito
587 2447 755 2527 quod
813 2447 1157 2507 Bonifacius
1216 2447 1591 2521 Affricanu5‚
1658 2448 1823 2527 cujus
1883 2447 1967 2507 est
2023 2447 2170 2509 istud

220 2533 566 2613 capitulum,
615 2536 723 2595 fuit
756 2535 930 2613 hujus
966 2537 1290 2615 opinioniS,
1339 2557 1463 2597 non
1505 2550 1713 2597 tamen
1756 2537 1839 2597 est
1871 2538 2033 2598 adeo
2066 2537 2168 2597 fibi

219 2623 642 2699 deferendum,
692 2625 833 2704 quin
880 2626 1087 2704 potius
1136 2626 1542 2686 deferendum
1588 2627 1654 2686 s1t
1701 2625 1904 2686 multis
1952 2624 2080 2686 aliis
2128 2626 2166 2685 fi

219 2713 566 2791 oppositum
623 2713 898 2774 sentiant.
990 2714 1054 2773 In
1102 2714 1451 2793 hujusmodi
1508 2715 1669 2775 enim
1728 2716 1935 2778 dubiis¹
1981 2737 2164 2795 prae-

216 2803 513 2879 ponenda
561 2802 644 2862 est
689 2802 989 2863 sententia
1035 2802 1367 2864 multorum
1425 2804 1760 2864 sententiae
1816 2805 2006 2879 unius,
2066 2806 2164 2866 nifi

215 2889 282 2950 s1t
329 2889 711 2951 auctoritatis
760 2906 991 2966 tantae,
1040 2894 1207 2973 quod
1254 2906 1482 2972 potens
1519 2895 1584 2954 s1t
1618 2893 1876 2955 aliorum
1923 2894 2160 2974 opinio-

216 2998 327 3038 nes
375 2978 679 3052 refellere,
729 2982 898 3060 quod
935 3002 1059 3041 non
1094 2982 1178 3042 est
1209 2983 1267 3041 in
1299 2983 1619 3062 proposito
1669 3004 1871 3064 neque
1919 2983 2160 3049 ratione

215 3065 534 3128 doftrinae
583 3090 785 3149 neque
833 3071 1074 3130 ratione
1123 3072 1453 3152 dignitatis.

347 3156 521 3231 Quot
582 3171 791 3217 autem
854 3171 917 3218 et
980 3161 1188 3238 quanti
1251 3160 1359 3220 fint
1422 3160 1768 3240 oppositum
1829 3161 2157 3222 sentientes

214 3255 392 3321 patet
438 3245 797 3306 discurrenti
831 3246 994 3307 dusta
1025 3262 1307 3308 veterum
1340 3248 1668 3310 do&orum
1715 3262 1902 3330 atque
1949 3251 2156 3329 ponti-

211 3330 405 3404 ficum,
454 3333 555 3411 qui
597 3332 735 3394 licet
775 3335 935 3415 quafi
984 3336 1279 3397 innumeri
1327 3351 1734 3410 occurrerent,
1783 3351 1989 3399 tamen
2022 3339 2155 3418 spe-

213 3418 445 3479 cialiter
492 3421 876 3482 inveniuntur
922 3425 1326 3500 Innocentius,
1376 3448 1413 3487 a
1459 3447 1582 3506 quo
1631 3426 1931 3505 sumptum
1979 3427 2064 3488 est
2109 3449 2154 3487 c.

211 3507 414 3568 Nemo
462 3509 562 3568 IX.
611 3532 705 3589 qu,
753 3512 862 3587 111.;
910 3514 1329 3590 Symmachus,
1377 3536 1414 3574 a
1460 3534 1584 3594 quo
1631 3513 1931 3594 sumptum
1977 3515 2062 3576 est
2107 3537 2152 3576 e.
