2352 3808
1205 123 1275 176 52

260 298 559 380 gulariter
605 298 831 358 dictum
879 298 979 371 est,
1027 298 1137 375 scil.
1186 302 1326 379 quia
1374 301 1530 360 hanc
1578 300 1673 360 alii
1721 302 1954 361 habent
1995 323 2071 360 ex
2102 304 2212 362 de-

260 388 564 447 rivatione
612 386 1002 466 plenitudinis
1051 387 1387 465 potestatiS‚
1447 411 1606 469 quae
1655 391 1763 448 fuit
1810 391 1868 448 in
1914 391 2101 450 Petro
2148 403 2214 450 et

261 475 346 536 est
391 477 450 535 in
496 476 921 535 successoribus
971 475 1101 553 ejus
1151 477 1252 555 qui
1299 475 1404 537 soli
1449 492 1750 538 vocantur
1797 479 1852 536 in
1886 477 2211 557 plenitudi-

259 586 402 623 nem
448 564 786 643 potestatiS‚
834 566 1024 623 ceteri
1055 585 1209 624 vero
1246 566 1304 623 in
1336 579 1581 644 partem
1613 566 2012 626 solicitudinis,
2059 567 2213 626 Item

261 654 553 734 Origines
595 652 773 730 super
806 653 1050 726 eodem,
1098 654 1261 712 unde
1296 668 1588 733 quantam
1620 655 1991 754 potestatem
2023 655 2213 715 habet
2277 678 2285 685 ’

151 768 153 771 ·
257 755 456 823 petra,
503 741 682 818 supra
730 762 914 820 quam
962 741 1317 801 aedificatur
1365 742 1629 816 ecclesia,
1677 757 1742 802 ut
1776 745 1962 803 etiam
1983 743 2213 822 judicia

259 830 389 908 ejus
438 843 733 888 maneant
781 829 955 888 firma
1004 830 1164 909 quasi
1198 831 1320 890 deo
1359 831 1676 909 judicante
1716 854 1831 911 per
1864 853 2019 906 eam,
2067 853 2210 892 ecce

256 918 568 977 manifeste
604 919 745 978 dicit
793 918 1079 977 eamdem
1129 940 1267 979 esse
1315 933 1561 998 petram
1607 942 1796 999 supra
1845 942 2029 1000 quam
2077 921 2210 980 fun-

257 1007 404 1066 data
465 1021 601 1066 erat
662 1006 910 1066 ecclesia
969 1020 1032 1066 et
1091 1008 1181 1067 cui
1231 1009 1495 1068 Christus
1545 1010 1793 1069 tradidit
1839 1009 2211 1088 potestatem

256 1095 528 1154 clavium.
590 1094 697 1155 Illa
745 1109 952 1155 autem
999 1097 1182 1156 Petra
1231 1111 1366 1157 erat
1413 1097 1571 1158 solus
1604 1100 1838 1170 PetruS‚
1890 1117 2047 1179 ergo
2095 1096 2210 1158 soli

254 1185 440 1244 Petro
488 1184 864 1263 potestatem
901 1184 1284 1263 judiciariam
1316 1187 1500 1246 dedit.
1557 1187 1710 1246 Item
1745 1186 2021 1264 CyrilluS‚
2068 1187 2209 1246 vide

255 1272 518 1352 qualiter
551 1273 814 1333 Christus
862 1274 1097 1333 reducit
1127 1275 1376 1334 Petrum
1426 1276 1505 1334 ad
1553 1274 1862 1335 excelsam
1908 1277 1987 1336 de
2020 1274 2208 1354 seipso

254 1360 741 1443 intelligentiam,
790 1362 885 1421 hic
933 1364 1094 1422 enim
1141 1365 1446 1442 promittit
1493 1363 1570 1423 illi
1618 1364 1677 1423 se
1725 1365 2009 1423 daturum
2049 1384 2209 1444 quae

253 1450 385 1510 sunt
431 1452 687 1530 propria
734 1451 834 1511 dei
866 1450 1075 1529 solius;
1125 1453 1225 1513 ubi
1266 1454 1543 1526 adverte,
1591 1454 1759 1533 quod
1794 1452 2052 1530 Cyrillus
2085 1472 2209 1512 non

253 1540 411 1614 dicit,
459 1539 622 1599 illam
676 1539 1113 1619 promsfionem
1176 1540 1404 1602 factam
1438 1543 1572 1601 ‘esse
1608 1540 1892 1601 ecclesiae
1926 1541 2025 1601 vel
2060 1562 2208 1602 con-

253 1627 404 1703 cilio,
453 1628 556 1688 sed
587 1649 901 1708 personae
933 1630 1112 1689 Petri.
1171 1631 1254 1690 Et
1286 1630 1724 1690 confirmantur
1772 1631 1979 1691 omnia
2023 1651 2207 1710 prae—

252 1715 416 1777 dicta
473 1740 588 1797 per
648 1740 692 1777 c,
749 1719 988 1778 Omnes
1049 1719 1170 1778 dist.
1217 1720 1420 1791 XXII,
1485 1720 1741 1791 OmneS,
1811 1720 2020 1799 inquit,
2088 1719 2207 1779 five

250 1807 640 1885 patriarchae
690 1807 1010 1885 cujuslibet
1056 1810 1297 1887 apicem
1345 1809 1463 1868 five
1508 1807 1949 1887 metropoleon
1981 1809 2207 1887 prima-

252 1908 348 1954 tus
398 1910 503 1955 aut
545 1897 1018 1975 episcopatuum
1066 1897 1393 1956 cathedras
1442 1896 1541 1956 vel
1592 1897 1975 1957 ecclefiarum
2009 1896 2205 1975 cujus-

250 1982 400 2044 libet
464 1986 692 2045 ordinis
763 1986 1129 2067 dignitatem
1193 1986 1434 2046 instituit
1495 2006 1647 2046 rom.
1710 1985 1970 2046 ecclesia.
2076 1985 2205 2065 Ipse

249 2095 402 2134 vero
462 2073 620 2135 solus
680 2072 842 2134 illam
902 2075 1178 2135 fundavit
1234 2089 1298 2135 et
1343 2095 1534 2154 supra
1580 2088 1825 2154 petram
1871 2074 2013 2135 fidei
2059 2094 2207 2135 mox

250 2164 554 2224 nascentis
598 2165 808 2237 erexit,
858 2165 958 2244 qui
990 2165 1046 2223 b.
1077 2165 1282 2237 Petro,
1331 2178 1627 2225 aeternae
1659 2165 1822 2224 vitae
1871 2163 2204 2246 claviger0‚

250 2254 479 2313 terreni
527 2252 691 2313 simul
741 2267 803 2313 et
852 2252 1126 2313 coelestis
1175 2255 1411 2332 imperii
1459 2254 1603 2332 jura
1662 2253 1986 2312 commisit·
2058 2254 2204 2314 Non

250 2363 408 2424 ergo
472 2341 786 2422 quaelibet
848 2355 1097 2402 terrena
1160 2341 1486 2416 sententia,
1557 2342 1660 2401 sed
1723 2341 1867 2401 illud
1928 2342 2203 2415 verbum,

250 2452 373 2512 quo
408 2430 814 2492 constructum
848 2431 932 2491 est
964 2431 1207 2493 coelum
1240 2445 1303 2491 et
1347 2446 1531 2505 terra,
1582 2449 1706 2511 quo
1741 2431 1965 2491 deinde
1999 2431 2225 2491 omnia'

249 2522 499 2581 condita
545 2521 677 2580 sunt
725 2520 1036 2581 elementa
1069 2540 1221 2580 rom.
1255 2522 1531 2581 fundavit
1564 2518 1903 2597 ecclefiam3
1953 2533 2017 2579 et
2047 2518 2201 2579 illius

248 2623 416 2671 certe
463 2609 789 2692 privilegio
840 2611 1113 2692 fungitur
1160 2624 1225 2670 et
1272 2608 1643 2670 auctoritate
1692 2607 1943 2668 fulcitur.
2020 2607 2200 2668 Unde
2268 2677 2271 2679 ,

248 2719 373 2760 non
421 2699 669 2759 dubium
729 2699 838 2772 est,
898 2701 1040 2779 quia
1094 2699 1435 2779 quicunque
1484 2697 1726 2757 cuilibet
1774 2695 2060 2756 ecclesiae
2097 2695 2200 2775 jus

246 2789 412 2848 suum
460 2789 747 2866 detrahit,
795 2787 1136 2866 injustitiam
1183 2788 1323 2847 facit
1338 2810 1352 2864 3
1403 2787 1502 2867 qui
1551 2799 1759 2846 autem
1805 2805 1956 2846 rom.
2005 2784 2198 2844 eccle-

245 2878 364 2938 siae
423 2876 812 2959 privilegium
871 2877 951 2936 ab
1011 2876 1138 2956 ipso
1198 2875 1430 2936 summo
1481 2875 1874 2954 omniumque
1923 2872 2197 2934 ecclesia-

245 2989 379 3026 rum
428 2968 628 3046 capite
678 2967 969 3026 traditum
1018 2966 1262 3025 auferre
1312 2978 1584 3039 conatur,
1633 2964 1726 3023 hic
1764 2961 2197 3042 proculdubio

199 3047 202 3050 ’
247 3057 304 3115 in
352 3055 650 3115 haeresim
697 3054 935 3115 labitur.
1026 3055 1108 3114 Et
1165 3075 1300 3113 cum
1347 3053 1446 3113 ille
1494 3066 1752 3113 vocetur
1798 3050 2057 3129 injustuS,
2104 3049 2198 3109 hic

248 3144 331 3204 est
376 3145 668 3204 dicendus
717 3144 1092 3220 haereticus3
1153 3143 1338 3202 fidem
1386 3143 1615 3221 quippe
1662 3138 1870 3212 violat,
1929 3139 2029 3217 qui
2087 3138 2196 3197 ad-

245 3232 450 3292 versus
509 3231 672 3292 illam
729 3234 885 3315 agit,
946 3252 1105 3311 quae
1153 3244 1355 3290 mater
1402 3229 1486 3289 est
1531 3229 1700 3302 fidei,
1759 3241 1822 3287 et
1869 3239 2196 3286 contumax

246 3320 331 3381 est
378 3321 433 3380 ei
481 3321 582 3400 qui
631 3342 769 3380 eam
817 3319 1044 3381 cunctis
1094 3318 1352 3380 ecclesiis
1385 3316 1753 3398 praetulisse
1787 3315 2195 3395 cognoscitur.

245 3409 423 3469 Haec
454 3409 547 3468 ibi.
616 3409 712 3479 Ex
745 3431 867 3489 qua
899 3408 1269 3470 auctoritate
1319 3407 1687 3489 colliguntur
1733 3405 1876 3464 tria:
1935 3412 1994 3475 Ι)
2028 3402 2194 3482 quod

248 3518 464 3557 omnes
513 3498 747 3579 gradus
799 3512 861 3558 et
909 3499 1243 3579 dignitates
1291 3498 1350 3555 in
1392 3493 1640 3556 ecclefia
1671 3492 1909 3552 instituit
1949 3490 2196 3551 ecclefia
