<?xml version="1.0" encoding="UTF-8"?>
<!DOCTYPE html PUBLIC "-//W3C//DTD XHTML 1.0 Transitional//EN"
    "http://www.w3.org/TR/xhtml1/DTD/xhtml1-transitional.dtd">
<html xmlns="http://www.w3.org/1999/xhtml" xml:lang="en" lang="en">
 <head>
  <title>
</title>
<meta http-equiv="Content-Type" content="text/html;charset=utf-8" />
  <meta name='ocr-system' content='tesseract 3.04.00' />
  <meta name='ocr-capabilities' content='ocr_page ocr_carea ocr_par ocr_line ocrx_word'/>
</head>
<body>
  <div class='ocr_page' id='page_1' title='image "a609733400torquoft_0078.png"; bbox 0 0 2352 3808; ppageno 0'>
   <div class='ocr_carea' id='block_1_1' title="bbox 1106 119 1370 199">
    <p class='ocr_par' dir='ltr' id='par_1_1' title="bbox 1106 119 1370 199">
     <span class='ocr_line' id='line_1_1' title="bbox 1106 119 1370 199; baseline 0 -1"><span class='ocrx_word' id='word_1_1' title='bbox 1106 195 1140 198; x_wconf 27' lang='lat' dir='ltr'>‚o</span> <span class='ocrx_word' id='word_1_2' title='bbox 1175 119 1321 199; x_wconf 51' lang='grc' dir='ltr'>δὲ,</span> <span class='ocrx_word' id='word_1_3' title='bbox 1357 196 1370 198; x_wconf 52' lang='grc'><strong>-</strong></span> 
     </span>
    </p>
   </div>
   <div class='ocr_carea' id='block_1_2' title="bbox 159 290 2288 2417">
    <p class='ocr_par' dir='ltr' id='par_1_2' title="bbox 159 290 2288 2417">
     <span class='ocr_line' id='line_1_2' title="bbox 255 290 2211 375; baseline 0.003 -25"><span class='ocrx_word' id='word_1_4' title='bbox 255 315 407 363; x_wconf 83' lang='lat' dir='ltr'>muS,</span> <span class='ocrx_word' id='word_1_5' title='bbox 455 293 625 371; x_wconf 92' lang='lat' dir='ltr'>quod</span> <span class='ocrx_word' id='word_1_6' title='bbox 673 290 908 351; x_wconf 90' lang='lat' dir='ltr'>humilis</span> <span class='ocrx_word' id='word_1_7' title='bbox 959 292 1183 352; x_wconf 89' lang='lat' dir='ltr'>familia</span> <span class='ocrx_word' id='word_1_8' title='bbox 1231 295 1561 372; x_wconf 82' lang='lat' dir='ltr'>approbat,</span> <span class='ocrx_word' id='word_1_9' title='bbox 1610 317 1772 375; x_wconf 92' lang='lat' dir='ltr'>quae</span> <span class='ocrx_word' id='word_1_10' title='bbox 1820 309 2002 374; x_wconf 91' lang='lat' dir='ltr'>pater</span> <span class='ocrx_word' id='word_1_11' title='bbox 2046 297 2211 358; x_wconf 86' lang='lat' dir='ltr'>ordi·</span> 
     </span>
     <span class='ocr_line' id='line_1_3' title="bbox 255 379 2211 462; baseline 0.003 -23"><span class='ocrx_word' id='word_1_12' title='bbox 255 394 362 439; x_wconf 90' lang='lat' dir='ltr'>nat</span> <span class='ocrx_word' id='word_1_13' title='bbox 409 382 440 439; x_wconf 92' lang='lat' dir='ltr'>i.</span> <span class='ocrx_word' id='word_1_14' title='bbox 489 402 539 439; x_wconf 90' lang='lat' dir='ltr'>e.</span> <span class='ocrx_word' id='word_1_15' title='bbox 588 379 1053 458; x_wconf 89' lang='lat' dir='ltr'>complacenter</span> <span class='ocrx_word' id='word_1_16' title='bbox 1112 396 1397 460; x_wconf 90' lang='lat' dir='ltr'>acceptat</span> <span class='ocrx_word' id='word_1_17' title='bbox 1457 397 1520 443; x_wconf 91' lang='lat' dir='ltr'>et</span> <span class='ocrx_word' id='word_1_18' title='bbox 1578 385 1747 443; x_wconf 89' lang='lat' dir='ltr'>bona</span> <span class='ocrx_word' id='word_1_19' title='bbox 1805 385 1924 443; x_wconf 91' lang='lat' dir='ltr'>esse</span> <span class='ocrx_word' id='word_1_20' title='bbox 1962 384 2211 462; x_wconf 83' lang='lat' dir='ltr'>judicat.</span> 
     </span>
     <span class='ocr_line' id='line_1_4' title="bbox 251 468 2208 547; baseline 0.003 -21"><span class='ocrx_word' id='word_1_21' title='bbox 251 469 333 527; x_wconf 88' lang='lat' dir='ltr'>Et</span> <span class='ocrx_word' id='word_1_22' title='bbox 379 468 558 547; x_wconf 90' lang='lat' dir='ltr'>hujus</span> <span class='ocrx_word' id='word_1_23' title='bbox 606 469 694 527; x_wconf 93' lang='lat' dir='ltr'>rei</span> <span class='ocrx_word' id='word_1_24' title='bbox 743 468 1138 547; x_wconf 85' lang='lat' dir='ltr'>expemplum</span> <span class='ocrx_word' id='word_1_25' title='bbox 1186 471 1356 530; x_wconf 84' lang='lat' dir='ltr'><strong>dedit</strong></span> <span class='ocrx_word' id='word_1_26' title='bbox 1405 471 1699 545; x_wconf 85' lang='lat' dir='ltr'>ChristuS,</span> <span class='ocrx_word' id='word_1_27' title='bbox 1760 494 1895 531; x_wconf 92' lang='lat' dir='ltr'>cum</span> <span class='ocrx_word' id='word_1_28' title='bbox 1954 472 2208 533; x_wconf 86' lang='lat' dir='ltr'>daturus</span> 
     </span>
     <span class='ocr_line' id='line_1_5' title="bbox 253 556 2211 640; baseline 0.003 -24"><span class='ocrx_word' id='word_1_29' title='bbox 253 556 481 638; x_wconf 82' lang='lat' dir='ltr'>legitur</span> <span class='ocrx_word' id='word_1_30' title='bbox 543 556 907 637; x_wconf 83' lang='lat' dir='ltr'>evangelica</span> <span class='ocrx_word' id='word_1_31' title='bbox 976 557 1189 617; x_wconf 89' lang='lat' dir='ltr'>saltem</span> <span class='ocrx_word' id='word_1_32' title='bbox 1261 561 1473 638; x_wconf 90' lang='lat' dir='ltr'>quoad</span> <span class='ocrx_word' id='word_1_33' title='bbox 1545 559 1803 621; x_wconf 91' lang='lat' dir='ltr'>moralia</span> <span class='ocrx_word' id='word_1_34' title='bbox 1871 575 2211 640; x_wconf 87' lang='lat' dir='ltr'>praecepta</span> 
     </span>
     <span class='ocr_line' id='line_1_6' title="bbox 254 645 2288 730; baseline 0.003 -26"><span class='ocrx_word' id='word_1_35' title='bbox 254 647 609 706; x_wconf 89' lang='lat' dir='ltr'>convocatis</span> <span class='ocrx_word' id='word_1_36' title='bbox 673 645 977 724; x_wconf 85' lang='lat' dir='ltr'>discipulis</span> <span class='ocrx_word' id='word_1_37' title='bbox 1043 649 1320 707; x_wconf 90' lang='lat' dir='ltr'>ascendit</span> <span class='ocrx_word' id='word_1_38' title='bbox 1383 649 1441 707; x_wconf 92' lang='lat' dir='ltr'>in</span> <span class='ocrx_word' id='word_1_39' title='bbox 1503 663 1807 722; x_wconf 90' lang='lat' dir='ltr'>montem,</span> <span class='ocrx_word' id='word_1_40' title='bbox 1879 670 2004 709; x_wconf 92' lang='lat' dir='ltr'>non</span> <span class='ocrx_word' id='word_1_41' title='bbox 2067 651 2210 730; x_wconf 92' lang='lat' dir='ltr'>quin</span> <span class='ocrx_word' id='word_1_42' title='bbox 2286 657 2288 659; x_wconf 73' lang='grc'>’</span> 
     </span>
     <span class='ocr_line' id='line_1_7' title="bbox 253 732 2284 821; baseline 0.002 -27"><span class='ocrx_word' id='word_1_43' title='bbox 253 735 488 821; x_wconf 81' lang='lat' dir='ltr'>absque</span> <span class='ocrx_word' id='word_1_44' title='bbox 538 732 648 792; x_wconf 91' lang='lat' dir='ltr'>illis</span> <span class='ocrx_word' id='word_1_45' title='bbox 697 735 898 812; x_wconf 89' lang='lat' dir='ltr'>posset</span> <span class='ocrx_word' id='word_1_46' title='bbox 945 734 1122 815; x_wconf 85' lang='lat' dir='ltr'>leges</span> <span class='ocrx_word' id='word_1_47' title='bbox 1173 738 1446 796; x_wconf 91' lang='lat' dir='ltr'>condere</span> <span class='ocrx_word' id='word_1_48' title='bbox 1479 737 1621 797; x_wconf 87' lang='lat' dir='ltr'>ficut</span> <span class='ocrx_word' id='word_1_49' title='bbox 1654 751 1718 797; x_wconf 89' lang='lat' dir='ltr'>et</span> <span class='ocrx_word' id='word_1_50' title='bbox 1750 737 1849 797; x_wconf 86' lang='lat' dir='ltr'>lex</span> <span class='ocrx_word' id='word_1_51' title='bbox 1881 752 2060 798; x_wconf 88' lang='lat' dir='ltr'>vetus</span> <span class='ocrx_word' id='word_1_52' title='bbox 2093 760 2210 818; x_wconf 91' lang='lat' dir='ltr'>per</span> <span class='ocrx_word' id='word_1_53' title='bbox 2278 741 2284 745; x_wconf 75' lang='grc'><strong>’</strong></span> 
     </span>
     <span class='ocr_line' id='line_1_8' title="bbox 250 822 2253 904; baseline 0.002 -22"><span class='ocrx_word' id='word_1_54' title='bbox 250 822 440 882; x_wconf 90' lang='lat' dir='ltr'>solum</span> <span class='ocrx_word' id='word_1_55' title='bbox 489 822 746 900; x_wconf 80' lang='lat' dir='ltr'>Moysen</span> <span class='ocrx_word' id='word_1_56' title='bbox 805 845 843 882; x_wconf 92' lang='lat' dir='ltr'>a</span> <span class='ocrx_word' id='word_1_57' title='bbox 902 825 1023 883; x_wconf 93' lang='lat' dir='ltr'>deo</span> <span class='ocrx_word' id='word_1_58' title='bbox 1074 839 1331 904; x_wconf 90' lang='lat' dir='ltr'>accepta</span> <span class='ocrx_word' id='word_1_59' title='bbox 1379 825 1614 904; x_wconf 93' lang='lat' dir='ltr'>populo</span> <span class='ocrx_word' id='word_1_60' title='bbox 1664 828 1891 886; x_wconf 92' lang='lat' dir='ltr'>tradita</span> <span class='ocrx_word' id='word_1_61' title='bbox 1938 827 2036 887; x_wconf 89' lang='lat' dir='ltr'>est.</span> <span class='ocrx_word' id='word_1_62' title='bbox 2126 828 2209 887; x_wconf 88' lang='lat' dir='ltr'>Et</span> <span class='ocrx_word' id='word_1_63' title='bbox 2251 826 2253 828; x_wconf 59' lang='grc'><strong>’</strong></span> 
     </span>
     <span class='ocr_line' id='line_1_9' title="bbox 251 912 2209 996; baseline 0.003 -26"><span class='ocrx_word' id='word_1_64' title='bbox 251 912 394 971; x_wconf 90' lang='lat' dir='ltr'>ideo</span> <span class='ocrx_word' id='word_1_65' title='bbox 445 932 570 972; x_wconf 92' lang='lat' dir='ltr'>non</span> <span class='ocrx_word' id='word_1_66' title='bbox 618 912 738 971; x_wconf 87' lang='lat' dir='ltr'>fine</span> <span class='ocrx_word' id='word_1_67' title='bbox 787 913 962 972; x_wconf 91' lang='lat' dir='ltr'>causa</span> <span class='ocrx_word' id='word_1_68' title='bbox 1011 914 1126 972; x_wconf 87' lang='lat' dir='ltr'>ait:</span> <span class='ocrx_word' id='word_1_69' title='bbox 1175 915 1398 995; x_wconf 86' lang='lat' dir='ltr'>Jugum</span> <span class='ocrx_word' id='word_1_70' title='bbox 1447 937 1654 974; x_wconf 92' lang='lat' dir='ltr'>meum</span> <span class='ocrx_word' id='word_1_71' title='bbox 1700 914 1881 975; x_wconf 89' lang='lat' dir='ltr'>suave</span> <span class='ocrx_word' id='word_1_72' title='bbox 1917 916 2017 989; x_wconf 89' lang='lat' dir='ltr'>est,</span> <span class='ocrx_word' id='word_1_73' title='bbox 2067 917 2209 996; x_wconf 91' lang='lat' dir='ltr'>quia</span> 
     </span>
     <span class='ocr_line' id='line_1_10' title="bbox 250 1001 2207 1064; baseline 0.002 -5"><span class='ocrx_word' id='word_1_74' title='bbox 250 1023 328 1060; x_wconf 89' lang='lat' dir='ltr'>se.</span> <span class='ocrx_word' id='word_1_75' title='bbox 391 1001 568 1061; x_wconf 87' lang='lat' dir='ltr'>vobis</span> <span class='ocrx_word' id='word_1_76' title='bbox 629 1002 1015 1061; x_wconf 80' lang='lat' dir='ltr'>audientibus</span> <span class='ocrx_word' id='word_1_77' title='bbox 1077 1016 1140 1061; x_wconf 93' lang='lat' dir='ltr'>et</span> <span class='ocrx_word' id='word_1_78' title='bbox 1199 1025 1323 1064; x_wconf 94' lang='lat' dir='ltr'>non</span> <span class='ocrx_word' id='word_1_79' title='bbox 1381 1002 1853 1063; x_wconf 91' lang='lat' dir='ltr'>reclamantibus</span> <span class='ocrx_word' id='word_1_80' title='bbox 1903 1006 2207 1064; x_wconf 90' lang='lat' dir='ltr'>traditum.</span> 
     </span>
     <span class='ocr_line' id='line_1_11' title="bbox 248 1089 2208 1174; baseline 0.003 -26"><span class='ocrx_word' id='word_1_81' title='bbox 248 1091 329 1149; x_wconf 89' lang='lat' dir='ltr'>Et</span> <span class='ocrx_word' id='word_1_82' title='bbox 362 1090 577 1149; x_wconf 92' lang='lat' dir='ltr'>harum</span> <span class='ocrx_word' id='word_1_83' title='bbox 610 1089 921 1149; x_wconf 87' lang='lat' dir='ltr'>causarum</span> <span class='ocrx_word' id='word_1_84' title='bbox 955 1092 1108 1150; x_wconf 90' lang='lat' dir='ltr'>duas</span> <span class='ocrx_word' id='word_1_85' title='bbox 1142 1093 1371 1171; x_wconf 90' lang='lat' dir='ltr'>primas</span> <span class='ocrx_word' id='word_1_86' title='bbox 1407 1093 1607 1174; x_wconf 85' lang='lat' dir='ltr'>tangit</span> <span class='ocrx_word' id='word_1_87' title='bbox 1639 1094 1944 1152; x_wconf 72' lang='lat' dir='ltr'>Herveus</span> <span class='ocrx_word' id='word_1_88' title='bbox 2003 1094 2208 1154; x_wconf 89' lang='lat' dir='ltr'>Etiam</span> 
     </span>
     <span class='ocr_line' id='line_1_12' title="bbox 248 1179 2205 1242; baseline 0.002 -4"><span class='ocrx_word' id='word_1_89' title='bbox 248 1202 293 1238; x_wconf 88' lang='lat' dir='ltr'>S.</span> <span class='ocrx_word' id='word_1_90' title='bbox 341 1179 618 1240; x_wconf 83' lang='lat' dir='ltr'>Thomas</span> <span class='ocrx_word' id='word_1_91' title='bbox 669 1200 793 1239; x_wconf 93' lang='lat' dir='ltr'>non</span> <span class='ocrx_word' id='word_1_92' title='bbox 842 1180 1147 1240; x_wconf 82' lang='lat' dir='ltr'>dissentire</span> <span class='ocrx_word' id='word_1_93' title='bbox 1196 1182 1453 1241; x_wconf 90' lang='lat' dir='ltr'>videtur.</span> <span class='ocrx_word' id='word_1_94' title='bbox 1544 1182 1649 1241; x_wconf 87' lang='lat' dir='ltr'>Ad</span> <span class='ocrx_word' id='word_1_95' title='bbox 1696 1183 1943 1241; x_wconf 89' lang='lat' dir='ltr'>tertium</span> <span class='ocrx_word' id='word_1_96' title='bbox 1999 1183 2205 1242; x_wconf 91' lang='lat' dir='ltr'>dicen-</span> 
     </span>
     <span class='ocr_line' id='line_1_13' title="bbox 250 1268 2207 1347; baseline 0.002 -20"><span class='ocrx_word' id='word_1_97' title='bbox 250 1269 410 1341; x_wconf 91' lang='lat' dir='ltr'>dum,</span> <span class='ocrx_word' id='word_1_98' title='bbox 459 1269 629 1347; x_wconf 90' lang='lat' dir='ltr'>quod</span> <span class='ocrx_word' id='word_1_99' title='bbox 678 1289 802 1327; x_wconf 94' lang='lat' dir='ltr'>non</span> <span class='ocrx_word' id='word_1_100' title='bbox 851 1268 936 1327; x_wconf 89' lang='lat' dir='ltr'>est</span> <span class='ocrx_word' id='word_1_101' title='bbox 981 1269 1179 1329; x_wconf 80' lang='lat' dir='ltr'>simile.</span> <span class='ocrx_word' id='word_1_102' title='bbox 1236 1270 1498 1330; x_wconf 89' lang='lat' dir='ltr'>Multum</span> <span class='ocrx_word' id='word_1_103' title='bbox 1546 1271 1707 1329; x_wconf 92' lang='lat' dir='ltr'>enim</span> <span class='ocrx_word' id='word_1_104' title='bbox 1755 1272 2207 1331; x_wconf 88' lang='lat' dir='ltr'>advertendum</span> 
     </span>
     <span class='ocr_line' id='line_1_14' title="bbox 250 1357 2207 1440; baseline 0.002 -24"><span class='ocrx_word' id='word_1_105' title='bbox 250 1357 334 1417; x_wconf 89' lang='lat' dir='ltr'>est</span> <span class='ocrx_word' id='word_1_106' title='bbox 381 1359 538 1416; x_wconf 90' lang='lat' dir='ltr'>inter</span> <span class='ocrx_word' id='word_1_107' title='bbox 585 1357 813 1436; x_wconf 89' lang='lat' dir='ltr'>species</span> <span class='ocrx_word' id='word_1_108' title='bbox 854 1359 1358 1431; x_wconf 78' lang='lat' dir='ltr'>dominationum,</span> <span class='ocrx_word' id='word_1_109' title='bbox 1406 1373 1470 1418; x_wconf 90' lang='lat' dir='ltr'>ut</span> <span class='ocrx_word' id='word_1_110' title='bbox 1502 1358 1886 1439; x_wconf 54' lang='lat' dir='ltr'>praedistum</span> <span class='ocrx_word' id='word_1_111' title='bbox 1919 1360 2018 1432; x_wconf 90' lang='lat' dir='ltr'>est,</span> <span class='ocrx_word' id='word_1_112' title='bbox 2065 1361 2207 1440; x_wconf 89' lang='lat' dir='ltr'>quia</span> 
     </span>
     <span class='ocr_line' id='line_1_15' title="bbox 250 1446 2203 1527; baseline 0.002 -22"><span class='ocrx_word' id='word_1_113' title='bbox 250 1446 453 1526; x_wconf 88' lang='lat' dir='ltr'>aliqua</span> <span class='ocrx_word' id='word_1_114' title='bbox 500 1447 771 1506; x_wconf 92' lang='lat' dir='ltr'>dominia</span> <span class='ocrx_word' id='word_1_115' title='bbox 817 1447 964 1519; x_wconf 89' lang='lat' dir='ltr'>sunt,</span> <span class='ocrx_word' id='word_1_116' title='bbox 1013 1469 1173 1527; x_wconf 89' lang='lat' dir='ltr'>quae</span> <span class='ocrx_word' id='word_1_117' title='bbox 1208 1447 1486 1509; x_wconf 89' lang='lat' dir='ltr'>totaliter</span> <span class='ocrx_word' id='word_1_118' title='bbox 1519 1449 1879 1527; x_wconf 91' lang='lat' dir='ltr'>dependent</span> <span class='ocrx_word' id='word_1_119' title='bbox 1912 1470 1949 1507; x_wconf 94' lang='lat' dir='ltr'>a</span> <span class='ocrx_word' id='word_1_120' title='bbox 1979 1448 2203 1509; x_wconf 91' lang='lat' dir='ltr'>volun-</span> 
     </span>
     <span class='ocr_line' id='line_1_16' title="bbox 249 1536 2205 1617; baseline 0.001 -22"><span class='ocrx_word' id='word_1_121' title='bbox 249 1549 380 1596; x_wconf 90' lang='lat' dir='ltr'>tate</span> <span class='ocrx_word' id='word_1_122' title='bbox 431 1550 495 1595; x_wconf 91' lang='lat' dir='ltr'>et</span> <span class='ocrx_word' id='word_1_123' title='bbox 542 1536 850 1614; x_wconf 90' lang='lat' dir='ltr'>potestate</span> <span class='ocrx_word' id='word_1_124' title='bbox 899 1536 1292 1611; x_wconf 90' lang='lat' dir='ltr'>subditorum,</span> <span class='ocrx_word' id='word_1_125' title='bbox 1341 1538 1442 1617; x_wconf 86' lang='lat' dir='ltr'>qui</span> <span class='ocrx_word' id='word_1_126' title='bbox 1492 1536 1681 1596; x_wconf 90' lang='lat' dir='ltr'>talem</span> <span class='ocrx_word' id='word_1_127' title='bbox 1729 1538 2047 1597; x_wconf 91' lang='lat' dir='ltr'>dominum</span> <span class='ocrx_word' id='word_1_128' title='bbox 2095 1536 2205 1597; x_wconf 91' lang='lat' dir='ltr'>eli-</span> 
     </span>
     <span class='ocr_line' id='line_1_17' title="bbox 247 1624 2203 1705; baseline 0.001 -21"><span class='ocrx_word' id='word_1_129' title='bbox 247 1639 473 1705; x_wconf 83' lang='lat' dir='ltr'>gentes</span> <span class='ocrx_word' id='word_1_130' title='bbox 523 1626 580 1684; x_wconf 93' lang='lat' dir='ltr'>ei</span> <span class='ocrx_word' id='word_1_131' title='bbox 628 1624 816 1684; x_wconf 91' lang='lat' dir='ltr'>talem</span> <span class='ocrx_word' id='word_1_132' title='bbox 864 1625 962 1685; x_wconf 88' lang='lat' dir='ltr'>vel</span> <span class='ocrx_word' id='word_1_133' title='bbox 1013 1639 1249 1685; x_wconf 90' lang='lat' dir='ltr'>tantam</span> <span class='ocrx_word' id='word_1_134' title='bbox 1300 1625 1737 1686; x_wconf 64' lang='lat' dir='ltr'>au&amp;oritatem</span> <span class='ocrx_word' id='word_1_135' title='bbox 1796 1625 2203 1700; x_wconf 90' lang='lat' dir='ltr'>contulerunt,</span> 
     </span>
     <span class='ocr_line' id='line_1_18' title="bbox 249 1713 2203 1793; baseline 0.001 -20"><span class='ocrx_word' id='word_1_136' title='bbox 249 1736 433 1793; x_wconf 89' lang='lat' dir='ltr'>quam</span> <span class='ocrx_word' id='word_1_137' title='bbox 482 1715 538 1773; x_wconf 87' lang='lat' dir='ltr'>ei</span> <span class='ocrx_word' id='word_1_138' title='bbox 585 1713 921 1774; x_wconf 89' lang='lat' dir='ltr'>transsilire</span> <span class='ocrx_word' id='word_1_139' title='bbox 971 1737 1095 1775; x_wconf 90' lang='lat' dir='ltr'>non</span> <span class='ocrx_word' id='word_1_140' title='bbox 1144 1714 1310 1789; x_wconf 90' lang='lat' dir='ltr'>libet,</span> <span class='ocrx_word' id='word_1_141' title='bbox 1361 1729 1423 1774; x_wconf 92' lang='lat' dir='ltr'>et</span> <span class='ocrx_word' id='word_1_142' title='bbox 1472 1716 1556 1774; x_wconf 92' lang='lat' dir='ltr'>ita</span> <span class='ocrx_word' id='word_1_143' title='bbox 1596 1714 1655 1774; x_wconf 93' lang='lat' dir='ltr'>se</span> <span class='ocrx_word' id='word_1_144' title='bbox 1690 1713 1991 1774; x_wconf 68' lang='lat' dir='ltr'>sa6turum</span> <span class='ocrx_word' id='word_1_145' title='bbox 2024 1717 2081 1774; x_wconf 91' lang='lat' dir='ltr'>in</span> <span class='ocrx_word' id='word_1_146' title='bbox 2114 1716 2203 1774; x_wconf 92' lang='lat' dir='ltr'>in-</span> 
     </span>
     <span class='ocr_line' id='line_1_19' title="bbox 249 1803 2204 1883; baseline 0.001 -21"><span class='ocrx_word' id='word_1_147' title='bbox 249 1805 435 1864; x_wconf 89' lang='lat' dir='ltr'>troitu</span> <span class='ocrx_word' id='word_1_148' title='bbox 500 1804 748 1864; x_wconf 92' lang='lat' dir='ltr'>dominii</span> <span class='ocrx_word' id='word_1_149' title='bbox 811 1803 1072 1882; x_wconf 89' lang='lat' dir='ltr'>spondet</span> <span class='ocrx_word' id='word_1_150' title='bbox 1136 1818 1199 1863; x_wconf 90' lang='lat' dir='ltr'>et</span> <span class='ocrx_word' id='word_1_151' title='bbox 1248 1804 1419 1882; x_wconf 88' lang='lat' dir='ltr'>jurat</span> <span class='ocrx_word' id='word_1_152' title='bbox 1477 1805 1535 1863; x_wconf 93' lang='lat' dir='ltr'>in</span> <span class='ocrx_word' id='word_1_153' title='bbox 1597 1804 1962 1883; x_wconf 89' lang='lat' dir='ltr'>quibusdam</span> <span class='ocrx_word' id='word_1_154' title='bbox 2011 1804 2204 1864; x_wconf 84' lang='lat' dir='ltr'>terriS.</span> 
     </span>
     <span class='ocr_line' id='line_1_20' title="bbox 246 1892 2204 1974; baseline 0.002 -23"><span class='ocrx_word' id='word_1_155' title='bbox 246 1893 328 1951; x_wconf 89' lang='lat' dir='ltr'>Et</span> <span class='ocrx_word' id='word_1_156' title='bbox 366 1892 481 1959; x_wconf 51' lang='lat' dir='ltr'>,isto</span> <span class='ocrx_word' id='word_1_157' title='bbox 532 1893 722 1952; x_wconf 92' lang='lat' dir='ltr'>modo</span> <span class='ocrx_word' id='word_1_158' title='bbox 769 1894 975 1952; x_wconf 91' lang='lat' dir='ltr'>Roma</span> <span class='ocrx_word' id='word_1_159' title='bbox 1023 1892 1216 1953; x_wconf 91' lang='lat' dir='ltr'>multo</span> <span class='ocrx_word' id='word_1_160' title='bbox 1268 1907 1556 1971; x_wconf 88' lang='lat' dir='ltr'>tempore</span> <span class='ocrx_word' id='word_1_161' title='bbox 1606 1893 1714 1952; x_wconf 89' lang='lat' dir='ltr'>fuit</span> <span class='ocrx_word' id='word_1_162' title='bbox 1753 1894 2108 1974; x_wconf 83' lang='lat' dir='ltr'>gubernata</span> <span class='ocrx_word' id='word_1_163' title='bbox 2140 1906 2204 1954; x_wconf 88' lang='lat' dir='ltr'>et</span> 
     </span>
     <span class='ocr_line' id='line_1_21' title="bbox 246 1981 2203 2061; baseline 0.001 -20"><span class='ocrx_word' id='word_1_164' title='bbox 246 1982 558 2042; x_wconf 88' lang='lat' dir='ltr'>vocabant</span> <span class='ocrx_word' id='word_1_165' title='bbox 605 1982 764 2041; x_wconf 92' lang='lat' dir='ltr'>hunc</span> <span class='ocrx_word' id='word_1_166' title='bbox 810 1982 1027 2041; x_wconf 90' lang='lat' dir='ltr'>statum</span> <span class='ocrx_word' id='word_1_167' title='bbox 1074 1981 1392 2053; x_wconf 82' lang='lat' dir='ltr'>libertatiS,</span> <span class='ocrx_word' id='word_1_168' title='bbox 1442 1983 1583 2061; x_wconf 91' lang='lat' dir='ltr'>quia</span> <span class='ocrx_word' id='word_1_169' title='bbox 1630 1981 1898 2060; x_wconf 88' lang='lat' dir='ltr'>populus</span> <span class='ocrx_word' id='word_1_170' title='bbox 1947 2003 2072 2042; x_wconf 94' lang='lat' dir='ltr'>non</span> <span class='ocrx_word' id='word_1_171' title='bbox 2104 2002 2203 2042; x_wconf 89' lang='lat' dir='ltr'>ar-</span> 
     </span>
     <span class='ocr_line' id='line_1_22' title="bbox 159 2069 2204 2153; baseline 0 -23"><span class='ocrx_word' id='word_1_172' title='bbox 159 2133 167 2137; x_wconf 54' lang='lat'><em>„</em></span> <span class='ocrx_word' id='word_1_173' title='bbox 248 2071 503 2130; x_wconf 88' lang='lat' dir='ltr'>cebatur</span> <span class='ocrx_word' id='word_1_174' title='bbox 549 2069 791 2153; x_wconf 82' lang='lat' dir='ltr'>legibus</span> <span class='ocrx_word' id='word_1_175' title='bbox 842 2072 920 2130; x_wconf 92' lang='lat' dir='ltr'>ad</span> <span class='ocrx_word' id='word_1_176' title='bbox 970 2084 1183 2130; x_wconf 92' lang='lat' dir='ltr'>nutum</span> <span class='ocrx_word' id='word_1_177' title='bbox 1229 2071 1592 2149; x_wconf 80' lang='lat' dir='ltr'>principum,</span> <span class='ocrx_word' id='word_1_178' title='bbox 1654 2069 1758 2130; x_wconf 89' lang='lat' dir='ltr'>sed</span> <span class='ocrx_word' id='word_1_179' title='bbox 1806 2069 1916 2129; x_wconf 93' lang='lat' dir='ltr'>illis</span> <span class='ocrx_word' id='word_1_180' title='bbox 1966 2084 2204 2130; x_wconf 91' lang='lat' dir='ltr'>tantum</span> 
     </span>
     <span class='ocr_line' id='line_1_23' title="bbox 248 2158 2202 2240; baseline -0.001 -21"><span class='ocrx_word' id='word_1_181' title='bbox 248 2181 399 2240; x_wconf 88' lang='lat' dir='ltr'>quas</span> <span class='ocrx_word' id='word_1_182' title='bbox 460 2161 561 2239; x_wconf 91' lang='lat' dir='ltr'>ips1</span> <span class='ocrx_word' id='word_1_183' title='bbox 620 2160 976 2234; x_wconf 82' lang='lat' dir='ltr'>statuissent,</span> <span class='ocrx_word' id='word_1_184' title='bbox 1037 2181 1152 2238; x_wconf 95' lang='lat' dir='ltr'>pro</span> <span class='ocrx_word' id='word_1_185' title='bbox 1203 2179 1327 2239; x_wconf 89' lang='lat' dir='ltr'>quo</span> <span class='ocrx_word' id='word_1_186' title='bbox 1376 2159 1529 2219; x_wconf 89' lang='lat' dir='ltr'>statu</span> <span class='ocrx_word' id='word_1_187' title='bbox 1579 2158 2000 2219; x_wconf 91' lang='lat' dir='ltr'>conservando</span> <span class='ocrx_word' id='word_1_188' title='bbox 2049 2158 2202 2218; x_wconf 91' lang='lat' dir='ltr'>mul-</span> 
     </span>
     <span class='ocr_line' id='line_1_24' title="bbox 247 2247 2201 2327; baseline 0 -19"><span class='ocrx_word' id='word_1_189' title='bbox 247 2263 376 2308; x_wconf 93' lang='lat' dir='ltr'>tum</span> <span class='ocrx_word' id='word_1_190' title='bbox 432 2247 790 2308; x_wconf 90' lang='lat' dir='ltr'>laborarant</span> <span class='ocrx_word' id='word_1_191' title='bbox 846 2263 1058 2327; x_wconf 89' lang='lat' dir='ltr'>patres</span> <span class='ocrx_word' id='word_1_192' title='bbox 1121 2262 1185 2308; x_wconf 92' lang='lat' dir='ltr'>et</span> <span class='ocrx_word' id='word_1_193' title='bbox 1242 2249 1423 2327; x_wconf 93' lang='lat' dir='ltr'>probi</span> <span class='ocrx_word' id='word_1_194' title='bbox 1469 2248 1751 2308; x_wconf 85' lang='lat' dir='ltr'>Romani.</span> <span class='ocrx_word' id='word_1_195' title='bbox 1842 2248 1923 2307; x_wconf 89' lang='lat' dir='ltr'>Et</span> <span class='ocrx_word' id='word_1_196' title='bbox 1981 2248 2039 2307; x_wconf 90' lang='lat' dir='ltr'>in</span> <span class='ocrx_word' id='word_1_197' title='bbox 2095 2247 2201 2308; x_wconf 92' lang='lat' dir='ltr'>tali</span> 
     </span>
     <span class='ocr_line' id='line_1_25' title="bbox 247 2335 2224 2417; baseline -0.001 -20"><span class='ocrx_word' id='word_1_198' title='bbox 247 2339 686 2398; x_wconf 88' lang='lat' dir='ltr'>communitate</span> <span class='ocrx_word' id='word_1_199' title='bbox 737 2359 872 2397; x_wconf 93' lang='lat' dir='ltr'>cum</span> <span class='ocrx_word' id='word_1_200' title='bbox 920 2338 1052 2417; x_wconf 91' lang='lat' dir='ltr'>quis</span> <span class='ocrx_word' id='word_1_201' title='bbox 1101 2338 1221 2396; x_wconf 90' lang='lat' dir='ltr'>fine</span> <span class='ocrx_word' id='word_1_202' title='bbox 1270 2336 1374 2396; x_wconf 91' lang='lat' dir='ltr'>tali</span> <span class='ocrx_word' id='word_1_203' title='bbox 1422 2335 1615 2395; x_wconf 89' lang='lat' dir='ltr'>libera</span> <span class='ocrx_word' id='word_1_204' title='bbox 1665 2335 1968 2396; x_wconf 92' lang='lat' dir='ltr'>electione</span> <span class='ocrx_word' id='word_1_205' title='bbox 2026 2358 2224 2396; x_wconf 83' lang='lat' dir='ltr'>usur-·</span> 
     </span>
    </p>
   </div>
   <div class='ocr_carea' id='block_1_3' title="bbox 246 2424 2302 2506">
    <p class='ocr_par' dir='ltr' id='par_1_3' title="bbox 246 2424 2302 2506">
     <span class='ocr_line' id='line_1_26' title="bbox 246 2424 2302 2506; baseline -0 -20"><span class='ocrx_word' id='word_1_206' title='bbox 246 2441 356 2506; x_wconf 91' lang='lat' dir='ltr'>pat</span> <span class='ocrx_word' id='word_1_207' title='bbox 402 2427 608 2506; x_wconf 79' lang='lat' dir='ltr'>sibiipsi</span> <span class='ocrx_word' id='word_1_208' title='bbox 657 2427 1007 2499; x_wconf 91' lang='lat' dir='ltr'>dominium,</span> <span class='ocrx_word' id='word_1_209' title='bbox 1056 2440 1199 2485; x_wconf 93' lang='lat' dir='ltr'>tunc</span> <span class='ocrx_word' id='word_1_210' title='bbox 1246 2424 1470 2485; x_wconf 92' lang='lat' dir='ltr'>licitum</span> <span class='ocrx_word' id='word_1_211' title='bbox 1517 2425 1720 2504; x_wconf 90' lang='lat' dir='ltr'>potest</span> <span class='ocrx_word' id='word_1_212' title='bbox 1752 2426 1865 2485; x_wconf 92' lang='lat' dir='ltr'>dici</span> <span class='ocrx_word' id='word_1_213' title='bbox 1897 2425 1999 2504; x_wconf 76' lang='lat' dir='ltr'>ips]</span> <span class='ocrx_word' id='word_1_214' title='bbox 2033 2446 2201 2486; x_wconf 91' lang='lat' dir='ltr'>com-</span> <span class='ocrx_word' id='word_1_215' title='bbox 2296 2455 2302 2461; x_wconf 28' lang='grc' dir='ltr'>ν’</span> 
     </span>
    </p>
   </div>
   <div class='ocr_carea' id='block_1_4' title="bbox 231 2508 2206 3571">
    <p class='ocr_par' dir='ltr' id='par_1_4' title="bbox 231 2508 2206 3571">
     <span class='ocr_line' id='line_1_27' title="bbox 246 2508 2199 2594; baseline -0.001 -19"><span class='ocrx_word' id='word_1_216' title='bbox 246 2517 525 2575; x_wconf 91' lang='lat' dir='ltr'>munitati</span> <span class='ocrx_word' id='word_1_217' title='bbox 571 2514 670 2575; x_wconf 89' lang='lat' dir='ltr'>vel</span> <span class='ocrx_word' id='word_1_218' title='bbox 721 2515 893 2574; x_wconf 90' lang='lat' dir='ltr'>alicui</span> <span class='ocrx_word' id='word_1_219' title='bbox 942 2537 1018 2574; x_wconf 83' lang='lat' dir='ltr'>ex</span> <span class='ocrx_word' id='word_1_220' title='bbox 1065 2515 1381 2594; x_wconf 86' lang='lat' dir='ltr'>suppofitis</span> <span class='ocrx_word' id='word_1_221' title='bbox 1431 2535 1556 2575; x_wconf 93' lang='lat' dir='ltr'>non</span> <span class='ocrx_word' id='word_1_222' title='bbox 1603 2513 1739 2574; x_wconf 87' lang='lat' dir='ltr'>zelo</span> <span class='ocrx_word' id='word_1_223' title='bbox 1774 2508 1996 2592; x_wconf 88' lang='lat' dir='ltr'>privati</span> <span class='ocrx_word' id='word_1_224' title='bbox 2030 2534 2199 2574; x_wconf 86' lang='lat' dir='ltr'>com-</span> 
     </span>
     <span class='ocr_line' id='line_1_28' title="bbox 245 2600 2199 2682; baseline -0.002 -18"><span class='ocrx_word' id='word_1_225' title='bbox 245 2606 413 2665; x_wconf 92' lang='lat' dir='ltr'>modi</span> <span class='ocrx_word' id='word_1_226' title='bbox 475 2603 574 2663; x_wconf 88' lang='lat' dir='ltr'>vel</span> <span class='ocrx_word' id='word_1_227' title='bbox 640 2605 791 2673; x_wconf 91' lang='lat' dir='ltr'>odii,</span> <span class='ocrx_word' id='word_1_228' title='bbox 853 2603 956 2664; x_wconf 89' lang='lat' dir='ltr'>sed</span> <span class='ocrx_word' id='word_1_229' title='bbox 1019 2602 1392 2682; x_wconf 91' lang='lat' dir='ltr'>reipublicae</span> <span class='ocrx_word' id='word_1_230' title='bbox 1455 2603 1602 2662; x_wconf 92' lang='lat' dir='ltr'>boni</span> <span class='ocrx_word' id='word_1_231' title='bbox 1657 2603 1862 2682; x_wconf 86' lang='lat' dir='ltr'>gratia</span> <span class='ocrx_word' id='word_1_232' title='bbox 1908 2600 2072 2662; x_wconf 87' lang='lat' dir='ltr'>illum</span> <span class='ocrx_word' id='word_1_233' title='bbox 2119 2603 2199 2662; x_wconf 93' lang='lat' dir='ltr'>de</span> 
     </span>
     <span class='ocr_line' id='line_1_29' title="bbox 245 2685 2206 2771; baseline -0.002 -18"><span class='ocrx_word' id='word_1_234' title='bbox 245 2694 686 2754; x_wconf 91' lang='lat' dir='ltr'>communitate</span> <span class='ocrx_word' id='word_1_235' title='bbox 736 2692 977 2771; x_wconf 86' lang='lat' dir='ltr'>ejicere,</span> <span class='ocrx_word' id='word_1_236' title='bbox 1033 2692 1132 2751; x_wconf 86' lang='lat' dir='ltr'>vel</span> <span class='ocrx_word' id='word_1_237' title='bbox 1181 2692 1218 2750; x_wconf 91' lang='lat' dir='ltr'>fi</span> <span class='ocrx_word' id='word_1_238' title='bbox 1268 2691 1445 2751; x_wconf 91' lang='lat' dir='ltr'>aliter</span> <span class='ocrx_word' id='word_1_239' title='bbox 1492 2690 1622 2750; x_wconf 91' lang='lat' dir='ltr'>fieri</span> <span class='ocrx_word' id='word_1_240' title='bbox 1670 2711 1795 2750; x_wconf 93' lang='lat' dir='ltr'>non</span> <span class='ocrx_word' id='word_1_241' title='bbox 1842 2690 2045 2768; x_wconf 88' lang='lat' dir='ltr'>potest</span> <span class='ocrx_word' id='word_1_242' title='bbox 2093 2685 2206 2751; x_wconf 81' lang='lat' dir='ltr'>oc-¹</span> 
     </span>
     <span class='ocr_line' id='line_1_30' title="bbox 243 2779 2193 2861; baseline -0.003 -19"><span class='ocrx_word' id='word_1_243' title='bbox 243 2784 464 2856; x_wconf 84' lang='lat' dir='ltr'>cidere,</span> <span class='ocrx_word' id='word_1_244' title='bbox 513 2782 653 2861; x_wconf 89' lang='lat' dir='ltr'>quia</span> <span class='ocrx_word' id='word_1_245' title='bbox 700 2780 837 2841; x_wconf 86' lang='lat' dir='ltr'>talis</span> <span class='ocrx_word' id='word_1_246' title='bbox 870 2794 1193 2860; x_wconf 91' lang='lat' dir='ltr'>reputatur</span> <span class='ocrx_word' id='word_1_247' title='bbox 1225 2780 1423 2851; x_wconf 84' lang='lat' dir='ltr'>hostis,</span> <span class='ocrx_word' id='word_1_248' title='bbox 1472 2799 1597 2838; x_wconf 93' lang='lat' dir='ltr'>non</span> <span class='ocrx_word' id='word_1_249' title='bbox 1645 2779 1945 2852; x_wconf 80' lang='lat' dir='ltr'>dominUS,</span> <span class='ocrx_word' id='word_1_250' title='bbox 1994 2779 2193 2858; x_wconf 88' lang='lat' dir='ltr'>cujus-</span> 
     </span>
     <span class='ocr_line' id='line_1_31' title="bbox 244 2867 2196 2948; baseline -0.003 -17"><span class='ocrx_word' id='word_1_251' title='bbox 244 2872 412 2931; x_wconf 91' lang='lat' dir='ltr'>modi</span> <span class='ocrx_word' id='word_1_252' title='bbox 461 2884 596 2930; x_wconf 90' lang='lat' dir='ltr'>erat</span> <span class='ocrx_word' id='word_1_253' title='bbox 642 2869 739 2929; x_wconf 89' lang='lat' dir='ltr'>ille</span> <span class='ocrx_word' id='word_1_254' title='bbox 790 2870 1030 2940; x_wconf 91' lang='lat' dir='ltr'>Caesar,</span> <span class='ocrx_word' id='word_1_255' title='bbox 1079 2870 1158 2928; x_wconf 95' lang='lat' dir='ltr'>de</span> <span class='ocrx_word' id='word_1_256' title='bbox 1207 2889 1330 2948; x_wconf 89' lang='lat' dir='ltr'>quo</span> <span class='ocrx_word' id='word_1_257' title='bbox 1378 2867 1611 2927; x_wconf 90' lang='lat' dir='ltr'>Tullius</span> <span class='ocrx_word' id='word_1_258' title='bbox 1659 2867 1940 2947; x_wconf 89' lang='lat' dir='ltr'>loquitur.</span> <span class='ocrx_word' id='word_1_259' title='bbox 2004 2867 2196 2927; x_wconf 88' lang='lat' dir='ltr'>Secus</span> 
     </span>
     <span class='ocr_line' id='line_1_32' title="bbox 246 2956 2197 3038; baseline -0.003 -18"><span class='ocrx_word' id='word_1_260' title='bbox 246 2974 454 3021; x_wconf 88' lang='lat' dir='ltr'>autem</span> <span class='ocrx_word' id='word_1_261' title='bbox 503 2959 587 3019; x_wconf 90' lang='lat' dir='ltr'>est</span> <span class='ocrx_word' id='word_1_262' title='bbox 634 2960 712 3018; x_wconf 92' lang='lat' dir='ltr'>de</span> <span class='ocrx_word' id='word_1_263' title='bbox 761 2959 1216 3030; x_wconf 88' lang='lat' dir='ltr'>communitate,</span> <span class='ocrx_word' id='word_1_264' title='bbox 1276 2979 1435 3037; x_wconf 88' lang='lat' dir='ltr'>quae</span> <span class='ocrx_word' id='word_1_265' title='bbox 1483 2958 1720 3038; x_wconf 82' lang='lat' dir='ltr'>regitur</span> <span class='ocrx_word' id='word_1_266' title='bbox 1766 2956 2036 3028; x_wconf 92' lang='lat' dir='ltr'>domino,</span> <span class='ocrx_word' id='word_1_267' title='bbox 2094 2977 2197 3015; x_wconf 88' lang='lat' dir='ltr'>cu-</span> 
     </span>
     <span class='ocr_line' id='line_1_33' title="bbox 231 3043 2195 3128; baseline -0.003 -19"><span class='ocrx_word' id='word_1_268' title='bbox 231 3049 336 3128; x_wconf 89' lang='lat' dir='ltr'>jus</span> <span class='ocrx_word' id='word_1_269' title='bbox 383 3048 720 3109; x_wconf 93' lang='lat' dir='ltr'>dominium</span> <span class='ocrx_word' id='word_1_270' title='bbox 768 3048 846 3106; x_wconf 90' lang='lat' dir='ltr'>ab</span> <span class='ocrx_word' id='word_1_271' title='bbox 879 3047 1003 3126; x_wconf 90' lang='lat' dir='ltr'>ipsa</span> <span class='ocrx_word' id='word_1_272' title='bbox 1051 3047 1489 3105; x_wconf 79' lang='lat' dir='ltr'>communitate</span> <span class='ocrx_word' id='word_1_273' title='bbox 1538 3065 1663 3104; x_wconf 93' lang='lat' dir='ltr'>non</span> <span class='ocrx_word' id='word_1_274' title='bbox 1711 3044 2044 3122; x_wconf 90' lang='lat' dir='ltr'>dependet,</span> <span class='ocrx_word' id='word_1_275' title='bbox 2091 3043 2195 3104; x_wconf 88' lang='lat' dir='ltr'>sed</span> 
     </span>
     <span class='ocr_line' id='line_1_34' title="bbox 243 3132 2196 3217; baseline -0.003 -20"><span class='ocrx_word' id='word_1_276' title='bbox 243 3139 323 3197; x_wconf 90' lang='lat' dir='ltr'>ab</span> <span class='ocrx_word' id='word_1_277' title='bbox 371 3136 578 3217; x_wconf 89' lang='lat' dir='ltr'>aliquo</span> <span class='ocrx_word' id='word_1_278' title='bbox 627 3137 940 3216; x_wconf 88' lang='lat' dir='ltr'>superiore</span> <span class='ocrx_word' id='word_1_279' title='bbox 989 3134 1330 3213; x_wconf 88' lang='lat' dir='ltr'>fimpliciter</span> <span class='ocrx_word' id='word_1_280' title='bbox 1376 3134 1501 3212; x_wconf 91' lang='lat' dir='ltr'>ipsa</span> <span class='ocrx_word' id='word_1_281' title='bbox 1562 3132 2030 3209; x_wconf 83' lang='lat' dir='ltr'>communitate3</span> <span class='ocrx_word' id='word_1_282' title='bbox 2094 3133 2196 3212; x_wconf 90' lang='lat' dir='ltr'>qui</span> 
     </span>
     <span class='ocr_line' id='line_1_35' title="bbox 244 3219 2195 3304; baseline -0.003 -19"><span class='ocrx_word' id='word_1_283' title='bbox 244 3225 431 3304; x_wconf 90' lang='lat' dir='ltr'>ipsam</span> <span class='ocrx_word' id='word_1_284' title='bbox 479 3247 604 3286; x_wconf 95' lang='lat' dir='ltr'>non</span> <span class='ocrx_word' id='word_1_285' title='bbox 653 3226 995 3285; x_wconf 91' lang='lat' dir='ltr'>decernens</span> <span class='ocrx_word' id='word_1_286' title='bbox 1044 3245 1270 3304; x_wconf 83' lang='lat' dir='ltr'>regere</span> <span class='ocrx_word' id='word_1_287' title='bbox 1318 3245 1432 3301; x_wconf 91' lang='lat' dir='ltr'>per</span> <span class='ocrx_word' id='word_1_288' title='bbox 1464 3222 1715 3300; x_wconf 91' lang='lat' dir='ltr'>seipsum</span> <span class='ocrx_word' id='word_1_289' title='bbox 1746 3220 2022 3299; x_wconf 88' lang='lat' dir='ltr'>praeficit</span> <span class='ocrx_word' id='word_1_290' title='bbox 2054 3219 2195 3281; x_wconf 93' lang='lat' dir='ltr'>loco</span> 
     </span>
     <span class='ocr_line' id='line_1_36' title="bbox 242 3307 2194 3393; baseline -0.003 -20"><span class='ocrx_word' id='word_1_291' title='bbox 242 3314 341 3387; x_wconf 90' lang='lat' dir='ltr'>sui,</span> <span class='ocrx_word' id='word_1_292' title='bbox 390 3334 575 3393; x_wconf 91' lang='lat' dir='ltr'>quem</span> <span class='ocrx_word' id='word_1_293' title='bbox 621 3313 888 3374; x_wconf 90' lang='lat' dir='ltr'>voluerit</span> <span class='ocrx_word' id='word_1_294' title='bbox 933 3311 1032 3372; x_wconf 92' lang='lat' dir='ltr'>vel</span> <span class='ocrx_word' id='word_1_295' title='bbox 1083 3333 1266 3391; x_wconf 91' lang='lat' dir='ltr'>quem</span> <span class='ocrx_word' id='word_1_296' title='bbox 1314 3311 1438 3390; x_wconf 92' lang='lat' dir='ltr'>ipsa</span> <span class='ocrx_word' id='word_1_297' title='bbox 1479 3310 1880 3370; x_wconf 84' lang='lat' dir='ltr'>communitas</span> <span class='ocrx_word' id='word_1_298' title='bbox 1916 3307 2194 3390; x_wconf 83' lang='lat' dir='ltr'>elegerit.</span> 
     </span>
     <span class='ocr_line' id='line_1_37' title="bbox 245 3396 2190 3484; baseline -0.003 -22"><span class='ocrx_word' id='word_1_299' title='bbox 245 3402 432 3484; x_wconf 88' lang='lat' dir='ltr'>Cujus</span> <span class='ocrx_word' id='word_1_300' title='bbox 484 3401 705 3476; x_wconf 52' lang='lat' dir='ltr'>electio</span> <span class='ocrx_word' id='word_1_301' title='bbox 755 3403 833 3462; x_wconf 90' lang='lat' dir='ltr'>ab</span> <span class='ocrx_word' id='word_1_302' title='bbox 882 3401 1008 3482; x_wconf 90' lang='lat' dir='ltr'>ipso</span> <span class='ocrx_word' id='word_1_303' title='bbox 1067 3399 1382 3479; x_wconf 89' lang='lat' dir='ltr'>principali</span> <span class='ocrx_word' id='word_1_304' title='bbox 1445 3398 1828 3478; x_wconf 87' lang='lat' dir='ltr'>approbatur</span> <span class='ocrx_word' id='word_1_305' title='bbox 1888 3396 1987 3456; x_wconf 89' lang='lat' dir='ltr'>vel</span> <span class='ocrx_word' id='word_1_306' title='bbox 2045 3417 2190 3457; x_wconf 90' lang='lat' dir='ltr'>con-</span> 
     </span>
     <span class='ocr_line' id='line_1_38' title="bbox 244 3484 2193 3571; baseline -0.003 -21"><span class='ocrx_word' id='word_1_307' title='bbox 244 3491 599 3571; x_wconf 88' lang='lat' dir='ltr'>sequenter,</span> <span class='ocrx_word' id='word_1_308' title='bbox 658 3504 724 3549; x_wconf 91' lang='lat' dir='ltr'>ut</span> <span class='ocrx_word' id='word_1_309' title='bbox 780 3513 915 3551; x_wconf 92' lang='lat' dir='ltr'>cum</span> <span class='ocrx_word' id='word_1_310' title='bbox 962 3509 1080 3570; x_wconf 93' lang='lat' dir='ltr'>pro</span> <span class='ocrx_word' id='word_1_311' title='bbox 1128 3488 1363 3571; x_wconf 81' lang='lat' dir='ltr'>singulo</span> <span class='ocrx_word' id='word_1_312' title='bbox 1413 3486 1614 3548; x_wconf 66' lang='grc' dir='ltr'>6166ἶο</span> <span class='ocrx_word' id='word_1_313' title='bbox 1664 3484 2193 3547; x_wconf 88' lang='lat' dir='ltr'>confirmationem</span> 
     </span>
    </p>
   </div>
  </div>
 </body>
</html>
