<?xml version="1.0" encoding="UTF-8"?>
<!DOCTYPE html PUBLIC "-//W3C//DTD XHTML 1.0 Transitional//EN"
    "http://www.w3.org/TR/xhtml1/DTD/xhtml1-transitional.dtd">
<html xmlns="http://www.w3.org/1999/xhtml" xml:lang="en" lang="en">
 <head>
  <title>
</title>
<meta http-equiv="Content-Type" content="text/html;charset=utf-8" />
  <meta name='ocr-system' content='tesseract 3.04.00' />
  <meta name='ocr-capabilities' content='ocr_page ocr_carea ocr_par ocr_line ocrx_word'/>
</head>
<body>
  <div class='ocr_page' id='page_1' title='image "a609733400torquoft_0069.png"; bbox 0 0 2352 3808; ppageno 0'>
   <div class='ocr_carea' id='block_1_1' title="bbox 1084 109 1156 163">
    <p class='ocr_par' dir='ltr' id='par_1_1' title="bbox 1084 109 1156 163">
     <span class='ocr_line' id='line_1_1' title="bbox 1084 109 1156 163; baseline 0 0"><span class='ocrx_word' id='word_1_1' title='bbox 1084 109 1156 163; x_wconf 85' lang='lat'><strong>55</strong></span> 
     </span>
    </p>
   </div>
   <div class='ocr_carea' id='block_1_2' title="bbox 985 184 1252 192">
    <p class='ocr_par' dir='ltr' id='par_1_2' title="bbox 985 184 1252 192">
     <span class='ocr_line' id='line_1_2' title="bbox 985 184 1252 192; baseline 0 0"><span class='ocrx_word' id='word_1_2' title='bbox 985 184 1252 192; x_wconf 95' lang='lat' dir='ltr'><strong> </strong></span> 
     </span>
    </p>
   </div>
   <div class='ocr_carea' id='block_1_3' title="bbox 36 287 2100 2327">
    <p class='ocr_par' dir='ltr' id='par_1_3' title="bbox 36 287 2100 2327">
     <span class='ocr_line' id='line_1_3' title="bbox 111 287 2100 371; baseline -0.001 -21"><span class='ocrx_word' id='word_1_3' title='bbox 111 290 422 371; x_wconf 78' lang='lat' dir='ltr'><strong>quicquid</strong></span> <span class='ocrx_word' id='word_1_4' title='bbox 470 287 853 351; x_wconf 68' lang='lat' dir='ltr'><strong>autstoritatis</strong></span> <span class='ocrx_word' id='word_1_5' title='bbox 902 289 1136 349; x_wconf 89' lang='lat' dir='ltr'><strong>habent</strong></span> <span class='ocrx_word' id='word_1_6' title='bbox 1184 309 1310 348; x_wconf 94' lang='lat' dir='ltr'><strong>non</strong></span> <span class='ocrx_word' id='word_1_7' title='bbox 1359 309 1396 348; x_wconf 89' lang='lat' dir='ltr'><strong>a</strong></span> <span class='ocrx_word' id='word_1_8' title='bbox 1443 308 1628 368; x_wconf 89' lang='lat' dir='ltr'><strong>rege,</strong></span> <span class='ocrx_word' id='word_1_9' title='bbox 1687 287 1790 347; x_wconf 90' lang='lat' dir='ltr'><strong>sed</strong></span> <span class='ocrx_word' id='word_1_10' title='bbox 1847 289 1925 348; x_wconf 86' lang='lat' dir='ltr'><strong>ab</strong></span> <span class='ocrx_word' id='word_1_11' title='bbox 1972 287 2100 368; x_wconf 92' lang='lat' dir='ltr'><strong>ipso</strong></span> 
     </span>
     <span class='ocr_line' id='line_1_4' title="bbox 137 376 2099 457; baseline 0 -18"><span class='ocrx_word' id='word_1_12' title='bbox 137 379 390 440; x_wconf 91' lang='lat' dir='ltr'><strong>domino</strong></span> <span class='ocrx_word' id='word_1_13' title='bbox 452 379 619 439; x_wconf 90' lang='lat' dir='ltr'><strong>castri</strong></span> <span class='ocrx_word' id='word_1_14' title='bbox 677 377 1015 457; x_wconf 88' lang='lat' dir='ltr'><strong>suscipiunt.</strong></span> <span class='ocrx_word' id='word_1_15' title='bbox 1108 378 1256 438; x_wconf 92' lang='lat' dir='ltr'><strong>Ideo</strong></span> <span class='ocrx_word' id='word_1_16' title='bbox 1307 377 1730 456; x_wconf 90' lang='lat' dir='ltr'><strong>juramentum</strong></span> <span class='ocrx_word' id='word_1_17' title='bbox 1788 376 2099 439; x_wconf 89' lang='lat' dir='ltr'><strong>fidelitatis</strong></span> 
     </span>
     <span class='ocr_line' id='line_1_5' title="bbox 135 465 2098 548; baseline -0.001 -21"><span class='ocrx_word' id='word_1_18' title='bbox 135 468 406 547; x_wconf 90' lang='lat' dir='ltr'><strong>praestat</strong></span> <span class='ocrx_word' id='word_1_19' title='bbox 453 466 626 527; x_wconf 91' lang='lat' dir='ltr'><strong>miles</strong></span> <span class='ocrx_word' id='word_1_20' title='bbox 674 467 828 547; x_wconf 87' lang='lat' dir='ltr'><strong>regi,</strong></span> <span class='ocrx_word' id='word_1_21' title='bbox 878 465 1171 527; x_wconf 86' lang='lat' dir='ltr'><strong>officiales</strong></span> <span class='ocrx_word' id='word_1_22' title='bbox 1220 480 1430 526; x_wconf 89' lang='lat' dir='ltr'><strong>autem</strong></span> <span class='ocrx_word' id='word_1_23' title='bbox 1479 487 1605 526; x_wconf 93' lang='lat' dir='ltr'><strong>non</strong></span> <span class='ocrx_word' id='word_1_24' title='bbox 1652 471 1805 548; x_wconf 88' lang='lat' dir='ltr'><strong>regi,</strong></span> <span class='ocrx_word' id='word_1_25' title='bbox 1853 466 1956 528; x_wconf 90' lang='lat' dir='ltr'><strong>sed</strong></span> <span class='ocrx_word' id='word_1_26' title='bbox 1988 468 2098 526; x_wconf 88' lang='lat' dir='ltr'><strong>mi-</strong></span> 
     </span>
     <span class='ocr_line' id='line_1_6' title="bbox 135 555 2097 635; baseline -0.002 -18"><span class='ocrx_word' id='word_1_27' title='bbox 135 555 238 630; x_wconf 79' lang='lat' dir='ltr'><strong>liti,</strong></span> <span class='ocrx_word' id='word_1_28' title='bbox 287 557 430 616; x_wconf 92' lang='lat' dir='ltr'><strong>ficut</strong></span> <span class='ocrx_word' id='word_1_29' title='bbox 478 569 542 615; x_wconf 88' lang='lat' dir='ltr'><strong>et</strong></span> <span class='ocrx_word' id='word_1_30' title='bbox 591 555 857 635; x_wconf 85' lang='lat' dir='ltr'>episcopi</span> <span class='ocrx_word' id='word_1_31' title='bbox 907 556 1160 616; x_wconf 92' lang='lat' dir='ltr'><strong>domino</strong></span> <span class='ocrx_word' id='word_1_32' title='bbox 1210 577 1448 635; x_wconf 81' lang='lat' dir='ltr'><strong>papae3</strong></span> <span class='ocrx_word' id='word_1_33' title='bbox 1496 575 1667 635; x_wconf 90' lang='lat' dir='ltr'><strong>papa</strong></span> <span class='ocrx_word' id='word_1_34' title='bbox 1699 568 1908 615; x_wconf 92' lang='lat' dir='ltr'><strong>autem</strong></span> <span class='ocrx_word' id='word_1_35' title='bbox 1941 575 2097 615; x_wconf 91' lang='lat' dir='ltr'><strong>non-</strong></span> 
     </span>
     <span class='ocr_line' id='line_1_7' title="bbox 136 642 2096 725; baseline 0 -20"><span class='ocrx_word' id='word_1_36' title='bbox 136 645 235 706; x_wconf 88' lang='lat' dir='ltr'><strong>nifi</strong></span> <span class='ocrx_word' id='word_1_37' title='bbox 284 645 420 725; x_wconf 91' lang='lat' dir='ltr'><strong>regi</strong></span> <span class='ocrx_word' id='word_1_38' title='bbox 455 644 687 704; x_wconf 89' lang='lat' dir='ltr'><strong>Christo</strong></span> <span class='ocrx_word' id='word_1_39' title='bbox 738 644 924 704; x_wconf 89' lang='lat' dir='ltr'><strong>fidem</strong></span> <span class='ocrx_word' id='word_1_40' title='bbox 971 645 1163 704; x_wconf 93' lang='lat' dir='ltr'><strong>debet</strong></span> <span class='ocrx_word' id='word_1_41' title='bbox 1211 658 1275 704; x_wconf 93' lang='lat' dir='ltr'><strong>et</strong></span> <span class='ocrx_word' id='word_1_42' title='bbox 1322 642 1776 722; x_wconf 60' lang='lat' dir='ltr'><strong>subjectionem.</strong></span> <span class='ocrx_word' id='word_1_43' title='bbox 1823 644 1906 704; x_wconf 90' lang='lat' dir='ltr'><strong>Et</strong></span> <span class='ocrx_word' id='word_1_44' title='bbox 1954 645 2096 705; x_wconf 93' lang='lat' dir='ltr'><strong>ideo</strong></span> 
     </span>
     <span class='ocr_line' id='line_1_8' title="bbox 133 731 2094 812; baseline -0.001 -18"><span class='ocrx_word' id='word_1_45' title='bbox 133 734 276 795; x_wconf 89' lang='lat' dir='ltr'><strong>ficut</strong></span> <span class='ocrx_word' id='word_1_46' title='bbox 323 732 494 792; x_wconf 87' lang='lat' dir='ltr'><strong>miles</strong></span> <span class='ocrx_word' id='word_1_47' title='bbox 544 731 682 792; x_wconf 89' lang='lat' dir='ltr'><strong>talis</strong></span> <span class='ocrx_word' id='word_1_48' title='bbox 731 732 935 812; x_wconf 93' lang='lat' dir='ltr'><strong>potest</strong></span> <span class='ocrx_word' id='word_1_49' title='bbox 983 732 1275 793; x_wconf 89' lang='lat' dir='ltr'><strong>officiales</strong></span> <span class='ocrx_word' id='word_1_50' title='bbox 1310 733 1615 792; x_wconf 90' lang='lat' dir='ltr'><strong>instituere</strong></span> <span class='ocrx_word' id='word_1_51' title='bbox 1651 746 1714 793; x_wconf 90' lang='lat' dir='ltr'><strong>et</strong></span> <span class='ocrx_word' id='word_1_52' title='bbox 1749 732 2094 807; x_wconf 86' lang='lat' dir='ltr'><strong>destituere,</strong></span> 
     </span>
     <span class='ocr_line' id='line_1_9' title="bbox 133 782 2094 902; baseline 0 -20"><span class='ocrx_word' id='word_1_53' title='bbox 133 821 506 902; x_wconf 89' lang='lat' dir='ltr'><strong>potestatem</strong></span> <span class='ocrx_word' id='word_1_54' title='bbox 555 841 773 881; x_wconf 90' lang='lat' dir='ltr'><strong>eorum</strong></span> <span class='ocrx_word' id='word_1_55' title='bbox 834 820 1132 900; x_wconf 90' lang='lat' dir='ltr'><strong>ampliare</strong></span> <span class='ocrx_word' id='word_1_56' title='bbox 1193 835 1257 881; x_wconf 91' lang='lat' dir='ltr'><strong>et</strong></span> <span class='ocrx_word' id='word_1_57' title='bbox 1315 823 1699 902; x_wconf 84' lang='lat' dir='ltr'><strong>restringere</strong></span> <span class='ocrx_word' id='word_1_58' title='bbox 1758 834 1947 902; x_wconf 92' lang='lat' dir='ltr'><strong>prout</strong></span> <span class='ocrx_word' id='word_1_59' title='bbox 1994 782 2094 885; x_wconf 78' lang='lat' dir='ltr'><strong>fibi</strong></span> 
     </span>
     <span class='ocr_line' id='line_1_10' title="bbox 131 911 2093 1010; baseline 0 -40"><span class='ocrx_word' id='word_1_60' title='bbox 131 911 437 971; x_wconf 89' lang='lat' dir='ltr'><strong>videbitur</strong></span> <span class='ocrx_word' id='word_1_61' title='bbox 482 931 600 990; x_wconf 91' lang='lat' dir='ltr'><strong>pro</strong></span> <span class='ocrx_word' id='word_1_62' title='bbox 650 911 820 971; x_wconf 91' lang='lat' dir='ltr'><strong>bono</strong></span> <span class='ocrx_word' id='word_1_63' title='bbox 871 924 1079 971; x_wconf 88' lang='lat' dir='ltr'><strong>terrae</strong></span> <span class='ocrx_word' id='word_1_64' title='bbox 1128 911 1285 985; x_wconf 83' lang='lat' dir='ltr'><strong>suae,</strong></span> <span class='ocrx_word' id='word_1_65' title='bbox 1334 912 1418 971; x_wconf 91' lang='lat' dir='ltr'><strong>ita</strong></span> <span class='ocrx_word' id='word_1_66' title='bbox 1456 932 1625 1010; x_wconf 90' lang='lat' dir='ltr'><strong>papa</strong></span> <span class='ocrx_word' id='word_1_67' title='bbox 1657 932 1815 992; x_wconf 89' lang='lat' dir='ltr'><strong>erga</strong></span> <span class='ocrx_word' id='word_1_68' title='bbox 1846 911 2093 970; x_wconf 89' lang='lat' dir='ltr'><strong>inferio—</strong></span> 
     </span>
     <span class='ocr_line' id='line_1_11' title="bbox 130 997 2092 1099; baseline -0.001 -38"><span class='ocrx_word' id='word_1_69' title='bbox 130 1020 231 1061; x_wconf 90' lang='lat' dir='ltr'><strong>res</strong></span> <span class='ocrx_word' id='word_1_70' title='bbox 279 997 616 1099; x_wconf 79' lang='lat' dir='ltr'><strong>praelatos,</strong></span> <span class='ocrx_word' id='word_1_71' title='bbox 686 999 903 1059; x_wconf 90' lang='lat' dir='ltr'><strong>Tertio</strong></span> <span class='ocrx_word' id='word_1_72' title='bbox 953 1001 1145 1060; x_wconf 92' lang='lat' dir='ltr'><strong>modo</strong></span> <span class='ocrx_word' id='word_1_73' title='bbox 1195 1001 1411 1059; x_wconf 92' lang='lat' dir='ltr'><strong>dicitur</strong></span> <span class='ocrx_word' id='word_1_74' title='bbox 1458 1001 1590 1080; x_wconf 90' lang='lat' dir='ltr'><strong>quis</strong></span> <span class='ocrx_word' id='word_1_75' title='bbox 1640 999 1866 1080; x_wconf 90' lang='lat' dir='ltr'><strong>aliquid</strong></span> <span class='ocrx_word' id='word_1_76' title='bbox 1914 999 2092 1060; x_wconf 87' lang='lat' dir='ltr'><strong>susci-</strong></span> 
     </span>
     <span class='ocr_line' id='line_1_12' title="bbox 128 1087 2092 1170; baseline -0.001 -22"><span class='ocrx_word' id='word_1_77' title='bbox 128 1109 283 1170; x_wconf 89' lang='lat' dir='ltr'><strong>pere</strong></span> <span class='ocrx_word' id='word_1_78' title='bbox 347 1089 404 1147; x_wconf 91' lang='lat' dir='ltr'><strong>in</strong></span> <span class='ocrx_word' id='word_1_79' title='bbox 466 1088 797 1168; x_wconf 82' lang='lat' dir='ltr'><strong>personam</strong></span> <span class='ocrx_word' id='word_1_80' title='bbox 860 1087 1111 1148; x_wconf 92' lang='lat' dir='ltr'><strong>alterius</strong></span> <span class='ocrx_word' id='word_1_81' title='bbox 1175 1110 1290 1167; x_wconf 92' lang='lat' dir='ltr'><strong>per</strong></span> <span class='ocrx_word' id='word_1_82' title='bbox 1358 1090 1613 1149; x_wconf 92' lang='lat' dir='ltr'><strong>modum</strong></span> <span class='ocrx_word' id='word_1_83' title='bbox 1675 1089 2092 1163; x_wconf 82' lang='lat' dir='ltr'><strong>derivationis,</strong></span> 
     </span>
     <span class='ocr_line' id='line_1_13' title="bbox 36 1176 2090 1257; baseline 0 -19"><span class='ocrx_word' id='word_1_84' title='bbox 36 1236 38 1238; x_wconf 76' lang='grc'>,</span> <span class='ocrx_word' id='word_1_85' title='bbox 128 1178 288 1238; x_wconf 89' lang='lat' dir='ltr'><strong>ficut·</strong></span> <span class='ocrx_word' id='word_1_86' title='bbox 317 1176 641 1238; x_wconf 91' lang='lat' dir='ltr'><strong>multitudo</strong></span> <span class='ocrx_word' id='word_1_87' title='bbox 690 1176 996 1237; x_wconf 90' lang='lat' dir='ltr'><strong>stellarum</strong></span> <span class='ocrx_word' id='word_1_88' title='bbox 1055 1179 1270 1256; x_wconf 89' lang='lat' dir='ltr'><strong>recipit</strong></span> <span class='ocrx_word' id='word_1_89' title='bbox 1327 1176 1533 1237; x_wconf 91' lang='lat' dir='ltr'><strong>lumen</strong></span> <span class='ocrx_word' id='word_1_90' title='bbox 1583 1199 1619 1237; x_wconf 88' lang='lat' dir='ltr'><strong>a</strong></span> <span class='ocrx_word' id='word_1_91' title='bbox 1667 1179 1790 1238; x_wconf 91' lang='lat' dir='ltr'><strong>deo</strong></span> <span class='ocrx_word' id='word_1_92' title='bbox 1840 1178 1898 1236; x_wconf 93' lang='lat' dir='ltr'><strong>in</strong></span> <span class='ocrx_word' id='word_1_93' title='bbox 1946 1198 2090 1257; x_wconf 91' lang='lat' dir='ltr'><strong>per-</strong></span> 
     </span>
     <span class='ocr_line' id='line_1_14' title="bbox 126 1264 2090 1347; baseline -0.001 -20"><span class='ocrx_word' id='word_1_94' title='bbox 126 1266 275 1327; x_wconf 89' lang='lat' dir='ltr'><strong>sona</strong></span> <span class='ocrx_word' id='word_1_95' title='bbox 320 1264 476 1341; x_wconf 82' lang='lat' dir='ltr'><strong>soliS‚</strong></span> <span class='ocrx_word' id='word_1_96' title='bbox 524 1266 562 1327; x_wconf 90' lang='lat' dir='ltr'><strong>fi</strong></span> <span class='ocrx_word' id='word_1_97' title='bbox 611 1267 685 1331; x_wconf 83' lang='lat' dir='ltr'><strong>sic</strong></span> <span class='ocrx_word' id='word_1_98' title='bbox 731 1265 899 1347; x_wconf 89' lang='lat' dir='ltr'><strong>loqui</strong></span> <span class='ocrx_word' id='word_1_99' title='bbox 946 1265 1143 1339; x_wconf 83' lang='lat' dir='ltr'><strong>liceat,</strong></span> <span class='ocrx_word' id='word_1_100' title='bbox 1193 1286 1318 1326; x_wconf 92' lang='lat' dir='ltr'><strong>non</strong></span> <span class='ocrx_word' id='word_1_101' title='bbox 1368 1267 1650 1326; x_wconf 89' lang='lat' dir='ltr'><strong>faciendo</strong></span> <span class='ocrx_word' id='word_1_102' title='bbox 1699 1267 1822 1326; x_wconf 91' lang='lat' dir='ltr'><strong>vim</strong></span> <span class='ocrx_word' id='word_1_103' title='bbox 1869 1267 1926 1325; x_wconf 91' lang='lat' dir='ltr'><strong>in</strong></span> <span class='ocrx_word' id='word_1_104' title='bbox 1974 1285 2090 1326; x_wconf 92' lang='lat' dir='ltr'><strong>vo-</strong></span> 
     </span>
     <span class='ocr_line' id='line_1_15' title="bbox 128 1353 2091 1436; baseline -0.001 -21"><span class='ocrx_word' id='word_1_105' title='bbox 128 1353 375 1430; x_wconf 88' lang='lat' dir='ltr'><strong>cabuIO,</strong></span> <span class='ocrx_word' id='word_1_106' title='bbox 449 1356 590 1436; x_wconf 90' lang='lat' dir='ltr'><strong>quia</strong></span> <span class='ocrx_word' id='word_1_107' title='bbox 647 1354 732 1416; x_wconf 93' lang='lat' dir='ltr'><strong>sol</strong></span> <span class='ocrx_word' id='word_1_108' title='bbox 792 1355 991 1414; x_wconf 91' lang='lat' dir='ltr'><strong>lucem</strong></span> <span class='ocrx_word' id='word_1_109' title='bbox 1048 1355 1241 1415; x_wconf 90' lang='lat' dir='ltr'><strong>habet</strong></span> <span class='ocrx_word' id='word_1_110' title='bbox 1299 1356 1654 1415; x_wconf 81' lang='lat' dir='ltr'><strong>immediate</strong></span> <span class='ocrx_word' id='word_1_111' title='bbox 1710 1376 1748 1415; x_wconf 91' lang='lat' dir='ltr'><strong>a</strong></span> <span class='ocrx_word' id='word_1_112' title='bbox 1793 1356 1946 1434; x_wconf 82' lang='lat' dir='ltr'><strong>deo,</strong></span> <span class='ocrx_word' id='word_1_113' title='bbox 2016 1355 2091 1415; x_wconf 93' lang='lat' dir='ltr'><strong>fic</strong></span> 
     </span>
     <span class='ocr_line' id='line_1_16' title="bbox 124 1442 2088 1524; baseline -0.001 -20"><span class='ocrx_word' id='word_1_114' title='bbox 124 1458 353 1518; x_wconf 76' lang='lat' dir='ltr'><strong>tamen,</strong></span> <span class='ocrx_word' id='word_1_115' title='bbox 416 1445 586 1524; x_wconf 91' lang='lat' dir='ltr'><strong>quod</strong></span> <span class='ocrx_word' id='word_1_116' title='bbox 647 1466 782 1504; x_wconf 90' lang='lat' dir='ltr'><strong>cum</strong></span> <span class='ocrx_word' id='word_1_117' title='bbox 844 1445 1070 1504; x_wconf 90' lang='lat' dir='ltr'><strong>virtute</strong></span> <span class='ocrx_word' id='word_1_118' title='bbox 1133 1458 1197 1504; x_wconf 91' lang='lat' dir='ltr'><strong>et</strong></span> <span class='ocrx_word' id='word_1_119' title='bbox 1255 1444 1568 1523; x_wconf 89' lang='lat' dir='ltr'><strong>potestate</strong></span> <span class='ocrx_word' id='word_1_120' title='bbox 1629 1442 1794 1504; x_wconf 91' lang='lat' dir='ltr'><strong>illam</strong></span> <span class='ocrx_word' id='word_1_121' title='bbox 1852 1445 1910 1503; x_wconf 90' lang='lat' dir='ltr'><strong>in</strong></span> <span class='ocrx_word' id='word_1_122' title='bbox 1970 1442 2088 1504; x_wconf 90' lang='lat' dir='ltr'><strong>alia</strong></span> 
     </span>
     <span class='ocr_line' id='line_1_17' title="bbox 125 1531 2086 1593; baseline 0 -1"><span class='ocrx_word' id='word_1_123' title='bbox 125 1531 444 1593; x_wconf 90' lang='lat' dir='ltr'><strong>luminaria</strong></span> <span class='ocrx_word' id='word_1_124' title='bbox 503 1534 986 1593; x_wconf 89' lang='lat' dir='ltr'><strong>transfundendi.</strong></span> <span class='ocrx_word' id='word_1_125' title='bbox 1079 1533 1162 1593; x_wconf 90' lang='lat' dir='ltr'><strong>Et</strong></span> <span class='ocrx_word' id='word_1_126' title='bbox 1221 1534 1305 1592; x_wconf 86' lang='lat' dir='ltr'><strong>ita</strong></span> <span class='ocrx_word' id='word_1_127' title='bbox 1364 1534 1551 1593; x_wconf 90' lang='lat' dir='ltr'><strong>etiam</strong></span> <span class='ocrx_word' id='word_1_128' title='bbox 1609 1532 1935 1592; x_wconf 92' lang='lat' dir='ltr'><strong>multitudo</strong></span> <span class='ocrx_word' id='word_1_129' title='bbox 1986 1554 2086 1592; x_wconf 92' lang='lat' dir='ltr'><strong>ec-</strong></span> 
     </span>
     <span class='ocr_line' id='line_1_18' title="bbox 125 1621 2086 1703; baseline -0.001 -21"><span class='ocrx_word' id='word_1_130' title='bbox 125 1621 435 1682; x_wconf 90' lang='lat' dir='ltr'><strong>clefiarum</strong></span> <span class='ocrx_word' id='word_1_131' title='bbox 496 1635 559 1682; x_wconf 93' lang='lat' dir='ltr'><strong>et</strong></span> <span class='ocrx_word' id='word_1_132' title='bbox 618 1622 1046 1701; x_wconf 89' lang='lat' dir='ltr'><strong>praelatorum</strong></span> <span class='ocrx_word' id='word_1_133' title='bbox 1093 1622 1354 1701; x_wconf 87' lang='lat' dir='ltr'><strong>suscepit</strong></span> <span class='ocrx_word' id='word_1_134' title='bbox 1402 1621 1607 1682; x_wconf 90' lang='lat' dir='ltr'><strong>claves</strong></span> <span class='ocrx_word' id='word_1_135' title='bbox 1657 1643 1694 1682; x_wconf 91' lang='lat' dir='ltr'><strong>a</strong></span> <span class='ocrx_word' id='word_1_136' title='bbox 1743 1621 1977 1703; x_wconf 89' lang='lat' dir='ltr'><strong>Christo</strong></span> <span class='ocrx_word' id='word_1_137' title='bbox 2028 1623 2086 1681; x_wconf 93' lang='lat' dir='ltr'><strong>in</strong></span> 
     </span>
     <span class='ocr_line' id='line_1_19' title="bbox 123 1710 2084 1791; baseline 0 -20"><span class='ocrx_word' id='word_1_138' title='bbox 123 1711 387 1791; x_wconf 90' lang='lat' dir='ltr'><strong>persona</strong></span> <span class='ocrx_word' id='word_1_139' title='bbox 418 1712 598 1784; x_wconf 80' lang='lat' dir='ltr'><strong>Petri,</strong></span> <span class='ocrx_word' id='word_1_140' title='bbox 647 1713 790 1791; x_wconf 89' lang='lat' dir='ltr'><strong>quia</strong></span> <span class='ocrx_word' id='word_1_141' title='bbox 838 1712 1178 1790; x_wconf 89' lang='lat' dir='ltr'><strong>accipiente</strong></span> <span class='ocrx_word' id='word_1_142' title='bbox 1229 1710 1433 1771; x_wconf 89' lang='lat' dir='ltr'><strong>claves</strong></span> <span class='ocrx_word' id='word_1_143' title='bbox 1467 1712 1651 1770; x_wconf 90' lang='lat' dir='ltr'><strong>Petro</strong></span> <span class='ocrx_word' id='word_1_144' title='bbox 1685 1712 1921 1790; x_wconf 92' lang='lat' dir='ltr'><strong>recepit</strong></span> <span class='ocrx_word' id='word_1_145' title='bbox 1954 1710 2084 1771; x_wconf 89' lang='lat' dir='ltr'><strong>illas</strong></span> 
     </span>
     <span class='ocr_line' id='line_1_20' title="bbox 123 1799 2083 1879; baseline -0.001 -19"><span class='ocrx_word' id='word_1_146' title='bbox 123 1821 258 1860; x_wconf 93' lang='lat' dir='ltr'><strong>cum</strong></span> <span class='ocrx_word' id='word_1_147' title='bbox 304 1800 613 1879; x_wconf 87' lang='lat' dir='ltr'><strong>potestate</strong></span> <span class='ocrx_word' id='word_1_148' title='bbox 662 1802 720 1859; x_wconf 92' lang='lat' dir='ltr'><strong>in</strong></span> <span class='ocrx_word' id='word_1_149' title='bbox 769 1799 952 1874; x_wconf 80' lang='lat' dir='ltr'><strong>alios,</strong></span> <span class='ocrx_word' id='word_1_150' title='bbox 1012 1814 1078 1860; x_wconf 90' lang='lat' dir='ltr'><strong>ut</strong></span> <span class='ocrx_word' id='word_1_151' title='bbox 1125 1801 1226 1860; x_wconf 88' lang='lat' dir='ltr'><strong>fibi</strong></span> <span class='ocrx_word' id='word_1_152' title='bbox 1273 1800 1459 1860; x_wconf 89' lang='lat' dir='ltr'><strong>visum</strong></span> <span class='ocrx_word' id='word_1_153' title='bbox 1506 1801 1714 1871; x_wconf 86' lang='lat' dir='ltr'><strong>fuerit,</strong></span> <span class='ocrx_word' id='word_1_154' title='bbox 1775 1801 2083 1860; x_wconf 88' lang='lat' dir='ltr'><strong>transfun-</strong></span> 
     </span>
     <span class='ocr_line' id='line_1_21' title="bbox 121 1888 2082 1969; baseline 0.001 -21"><span class='ocrx_word' id='word_1_155' title='bbox 121 1889 322 1962; x_wconf 83' lang='lat' dir='ltr'><strong>dendi,</strong></span> <span class='ocrx_word' id='word_1_156' title='bbox 371 1890 429 1949; x_wconf 92' lang='lat' dir='ltr'><strong>in</strong></span> <span class='ocrx_word' id='word_1_157' title='bbox 475 1902 722 1969; x_wconf 90' lang='lat' dir='ltr'><strong>partem</strong></span> <span class='ocrx_word' id='word_1_158' title='bbox 772 1904 999 1962; x_wconf 84' lang='lat' dir='ltr'><strong>tamen,</strong></span> <span class='ocrx_word' id='word_1_159' title='bbox 1060 1909 1182 1949; x_wconf 92' lang='lat' dir='ltr'><strong>non</strong></span> <span class='ocrx_word' id='word_1_160' title='bbox 1233 1890 1291 1948; x_wconf 93' lang='lat' dir='ltr'><strong>in</strong></span> <span class='ocrx_word' id='word_1_161' title='bbox 1341 1902 1560 1961; x_wconf 80' lang='lat' dir='ltr'><strong>totum,</strong></span> <span class='ocrx_word' id='word_1_162' title='bbox 1619 1903 1686 1949; x_wconf 93' lang='lat' dir='ltr'><strong>ut</strong></span> <span class='ocrx_word' id='word_1_163' title='bbox 1733 1888 1912 1968; x_wconf 89' lang='lat' dir='ltr'><strong>supra</strong></span> <span class='ocrx_word' id='word_1_164' title='bbox 1959 1890 2082 1950; x_wconf 94' lang='lat' dir='ltr'><strong>dic-</strong></span> 
     </span>
     <span class='ocr_line' id='line_1_22' title="bbox 118 1976 2085 2058; baseline 0 -20"><span class='ocrx_word' id='word_1_165' title='bbox 118 1990 246 2039; x_wconf 89' lang='lat' dir='ltr'><strong>tum</strong></span> <span class='ocrx_word' id='word_1_166' title='bbox 293 1977 402 2056; x_wconf 84' lang='lat' dir='ltr'><strong>est3</strong></span> <span class='ocrx_word' id='word_1_167' title='bbox 451 1992 515 2039; x_wconf 92' lang='lat' dir='ltr'><strong>et</strong></span> <span class='ocrx_word' id='word_1_168' title='bbox 562 1979 646 2039; x_wconf 91' lang='lat' dir='ltr'><strong>ita</strong></span> <span class='ocrx_word' id='word_1_169' title='bbox 694 1980 891 2039; x_wconf 89' lang='lat' dir='ltr'><strong>omnis</strong></span> <span class='ocrx_word' id='word_1_170' title='bbox 940 1979 1213 2058; x_wconf 85' lang='lat' dir='ltr'><strong>potestas</strong></span> <span class='ocrx_word' id='word_1_171' title='bbox 1263 1976 1654 2038; x_wconf 81' lang='lat' dir='ltr'><strong>ecclesiastica</strong></span> <span class='ocrx_word' id='word_1_172' title='bbox 1701 1978 2015 2039; x_wconf 89' lang='lat' dir='ltr'><strong>derivatur</strong></span> <span class='ocrx_word' id='word_1_173' title='bbox 2047 2000 2085 2038; x_wconf 88' lang='lat' dir='ltr'><strong>a</strong></span> 
     </span>
     <span class='ocr_line' id='line_1_23' title="bbox 114 2066 2081 2148; baseline 0.001 -22"><span class='ocrx_word' id='word_1_174' title='bbox 114 2087 284 2147; x_wconf 88' lang='lat' dir='ltr'><strong>papa</strong></span> <span class='ocrx_word' id='word_1_175' title='bbox 330 2068 471 2127; x_wconf 90' lang='lat' dir='ltr'><strong>ficut</strong></span> <span class='ocrx_word' id='word_1_176' title='bbox 520 2089 556 2128; x_wconf 91' lang='lat' dir='ltr'><strong>a</strong></span> <span class='ocrx_word' id='word_1_177' title='bbox 604 2069 777 2128; x_wconf 90' lang='lat' dir='ltr'><strong>fonte</strong></span> <span class='ocrx_word' id='word_1_178' title='bbox 827 2066 1146 2146; x_wconf 90' lang='lat' dir='ltr'><strong>spiritualis</strong></span> <span class='ocrx_word' id='word_1_179' title='bbox 1179 2067 1433 2127; x_wconf 84' lang='lat' dir='ltr'><strong>luminiS.</strong></span> <span class='ocrx_word' id='word_1_180' title='bbox 1495 2067 1577 2127; x_wconf 90' lang='lat' dir='ltr'><strong>Et</strong></span> <span class='ocrx_word' id='word_1_181' title='bbox 1610 2068 1730 2127; x_wconf 93' lang='lat' dir='ltr'><strong>hoc</strong></span> <span class='ocrx_word' id='word_1_182' title='bbox 1778 2067 1863 2127; x_wconf 90' lang='lat' dir='ltr'><strong>est</strong></span> <span class='ocrx_word' id='word_1_183' title='bbox 1910 2070 2081 2148; x_wconf 91' lang='lat' dir='ltr'><strong>quod</strong></span> 
     </span>
     <span class='ocr_line' id='line_1_24' title="bbox 117 2154 2083 2238; baseline 0.001 -22"><span class='ocrx_word' id='word_1_184' title='bbox 117 2156 322 2216; x_wconf 90' lang='lat' dir='ltr'><strong>dicere</strong></span> <span class='ocrx_word' id='word_1_185' title='bbox 370 2154 563 2216; x_wconf 91' lang='lat' dir='ltr'><strong>voluit</strong></span> <span class='ocrx_word' id='word_1_186' title='bbox 594 2157 969 2238; x_wconf 88' lang='lat' dir='ltr'><strong>Augustinus</strong></span> <span class='ocrx_word' id='word_1_187' title='bbox 1018 2158 1077 2216; x_wconf 92' lang='lat' dir='ltr'><strong>in</strong></span> <span class='ocrx_word' id='word_1_188' title='bbox 1124 2157 1330 2216; x_wconf 89' lang='lat' dir='ltr'><strong>verbis</strong></span> <span class='ocrx_word' id='word_1_189' title='bbox 1378 2156 1728 2234; x_wconf 73' lang='lat' dir='ltr'><strong>praemissis</strong></span> <span class='ocrx_word' id='word_1_190' title='bbox 1782 2157 1865 2216; x_wconf 90' lang='lat' dir='ltr'><strong>Et</strong></span> <span class='ocrx_word' id='word_1_191' title='bbox 1913 2158 2083 2237; x_wconf 90' lang='lat' dir='ltr'><strong>quod</strong></span> 
     </span>
     <span class='ocr_line' id='line_1_25' title="bbox 116 2244 2079 2327; baseline 0 -22"><span class='ocrx_word' id='word_1_192' title='bbox 116 2244 271 2305; x_wconf 90' lang='lat' dir='ltr'><strong>haec</strong></span> <span class='ocrx_word' id='word_1_193' title='bbox 319 2247 499 2306; x_wconf 91' lang='lat' dir='ltr'><strong>fuerit</strong></span> <span class='ocrx_word' id='word_1_194' title='bbox 546 2245 848 2306; x_wconf 90' lang='lat' dir='ltr'><strong>sententia</strong></span> <span class='ocrx_word' id='word_1_195' title='bbox 895 2245 1243 2327; x_wconf 84' lang='lat' dir='ltr'><strong>Augustini,</strong></span> <span class='ocrx_word' id='word_1_196' title='bbox 1304 2244 1591 2305; x_wconf 91' lang='lat' dir='ltr'><strong>videlicet</strong></span> <span class='ocrx_word' id='word_1_197' title='bbox 1639 2246 1810 2325; x_wconf 90' lang='lat' dir='ltr'><strong>quod</strong></span> <span class='ocrx_word' id='word_1_198' title='bbox 1857 2245 1931 2305; x_wconf 90' lang='lat' dir='ltr'><strong>fic</strong></span> <span class='ocrx_word' id='word_1_199' title='bbox 1979 2267 2079 2305; x_wconf 92' lang='grc'><strong>00-</strong></span> 
     </span>
    </p>
   </div>
   <div class='ocr_carea' id='block_1_4' title="bbox 0 2331 2081 2415">
    <p class='ocr_par' dir='ltr' id='par_1_4' title="bbox 0 2331 2081 2415">
     <span class='ocr_line' id='line_1_26' title="bbox 0 2331 2081 2415; baseline 0.002 -24"><span class='ocrx_word' id='word_1_200' title='bbox 0 2377 20 2391; x_wconf 91' lang='grc'><strong>.</strong></span> <span class='ocrx_word' id='word_1_201' title='bbox 118 2331 294 2394; x_wconf 91' lang='lat' dir='ltr'><strong>clefia</strong></span> <span class='ocrx_word' id='word_1_202' title='bbox 363 2335 421 2393; x_wconf 92' lang='lat' dir='ltr'><strong>in</strong></span> <span class='ocrx_word' id='word_1_203' title='bbox 491 2334 757 2413; x_wconf 90' lang='lat' dir='ltr'><strong>persona</strong></span> <span class='ocrx_word' id='word_1_204' title='bbox 825 2335 989 2394; x_wconf 87' lang='lat' dir='ltr'><strong>Petri</strong></span> <span class='ocrx_word' id='word_1_205' title='bbox 1058 2334 1318 2413; x_wconf 86' lang='lat' dir='ltr'><strong>suscepit</strong></span> <span class='ocrx_word' id='word_1_206' title='bbox 1383 2331 1588 2394; x_wconf 90' lang='lat' dir='ltr'><strong>claves</strong></span> <span class='ocrx_word' id='word_1_207' title='bbox 1649 2355 1775 2395; x_wconf 93' lang='lat' dir='ltr'><strong>non</strong></span> <span class='ocrx_word' id='word_1_208' title='bbox 1838 2333 2081 2415; x_wconf 90' lang='lat' dir='ltr'><strong>aequali</strong></span> 
     </span>
    </p>
   </div>
   <div class='ocr_carea' id='block_1_5' title="bbox 116 2422 2080 3569">
    <p class='ocr_par' dir='ltr' id='par_1_5' title="bbox 116 2422 2080 3569">
     <span class='ocr_line' id='line_1_27' title="bbox 116 2422 2080 2505; baseline 0.001 -22"><span class='ocrx_word' id='word_1_209' title='bbox 116 2422 438 2495; x_wconf 83' lang='lat' dir='ltr'><strong>societate,</strong></span> <span class='ocrx_word' id='word_1_210' title='bbox 498 2423 601 2482; x_wconf 90' lang='lat' dir='ltr'><strong>sed</strong></span> <span class='ocrx_word' id='word_1_211' title='bbox 661 2436 1026 2483; x_wconf 89' lang='lat' dir='ltr'><strong>remanente</strong></span> <span class='ocrx_word' id='word_1_212' title='bbox 1076 2425 1134 2483; x_wconf 92' lang='lat' dir='ltr'><strong>in</strong></span> <span class='ocrx_word' id='word_1_213' title='bbox 1180 2425 1366 2483; x_wconf 92' lang='lat' dir='ltr'><strong>Petro</strong></span> <span class='ocrx_word' id='word_1_214' title='bbox 1417 2422 1633 2483; x_wconf 90' lang='lat' dir='ltr'><strong>fontali</strong></span> <span class='ocrx_word' id='word_1_215' title='bbox 1683 2436 1747 2483; x_wconf 90' lang='lat' dir='ltr'><strong>et</strong></span> <span class='ocrx_word' id='word_1_216' title='bbox 1796 2422 2080 2505; x_wconf 83' lang='lat' dir='ltr'><strong>originali</strong></span> 
     </span>
     <span class='ocr_line' id='line_1_28' title="bbox 116 2510 2079 2592; baseline 0.001 -20"><span class='ocrx_word' id='word_1_217' title='bbox 116 2510 442 2591; x_wconf 77' lang='lat' dir='ltr'><strong>potestate,</strong></span> <span class='ocrx_word' id='word_1_218' title='bbox 490 2525 669 2591; x_wconf 91' lang='lat' dir='ltr'><strong>patet</strong></span> <span class='ocrx_word' id='word_1_219' title='bbox 714 2533 830 2590; x_wconf 91' lang='lat' dir='ltr'><strong>per</strong></span> <span class='ocrx_word' id='word_1_220' title='bbox 876 2510 1020 2571; x_wconf 93' lang='lat' dir='ltr'><strong>illud</strong></span> <span class='ocrx_word' id='word_1_221' title='bbox 1068 2514 1239 2592; x_wconf 89' lang='lat' dir='ltr'><strong>quod</strong></span> <span class='ocrx_word' id='word_1_222' title='bbox 1281 2513 1444 2571; x_wconf 92' lang='lat' dir='ltr'><strong>idem</strong></span> <span class='ocrx_word' id='word_1_223' title='bbox 1477 2512 1672 2572; x_wconf 93' lang='lat' dir='ltr'><strong>scribit</strong></span> <span class='ocrx_word' id='word_1_224' title='bbox 1705 2514 1764 2572; x_wconf 89' lang='lat' dir='ltr'><strong>in</strong></span> <span class='ocrx_word' id='word_1_225' title='bbox 1796 2512 2079 2574; x_wconf 91' lang='lat' dir='ltr'><strong>sermone</strong></span> 
     </span>
     <span class='ocr_line' id='line_1_29' title="bbox 117 2599 2080 2681; baseline 0.001 -21"><span class='ocrx_word' id='word_1_226' title='bbox 117 2601 196 2660; x_wconf 90' lang='lat' dir='ltr'><strong>de</strong></span> <span class='ocrx_word' id='word_1_227' title='bbox 245 2599 536 2679; x_wconf 89' lang='lat' dir='ltr'><strong>apostolis</strong></span> <span class='ocrx_word' id='word_1_228' title='bbox 583 2602 769 2661; x_wconf 89' lang='lat' dir='ltr'><strong>Petro</strong></span> <span class='ocrx_word' id='word_1_229' title='bbox 820 2614 883 2660; x_wconf 92' lang='lat' dir='ltr'><strong>et</strong></span> <span class='ocrx_word' id='word_1_230' title='bbox 928 2599 1139 2674; x_wconf 69' lang='lat' dir='ltr'><strong>Paulo,</strong></span> <span class='ocrx_word' id='word_1_231' title='bbox 1199 2601 1299 2681; x_wconf 89' lang='lat' dir='ltr'><strong>qui</strong></span> <span class='ocrx_word' id='word_1_232' title='bbox 1347 2600 1421 2659; x_wconf 91' lang='lat' dir='ltr'><strong>fic</strong></span> <span class='ocrx_word' id='word_1_233' title='bbox 1469 2601 1701 2680; x_wconf 89' lang='lat' dir='ltr'><strong>incipit:</strong></span> <span class='ocrx_word' id='word_1_234' title='bbox 1760 2602 1966 2661; x_wconf 89' lang='lat' dir='ltr'><strong>Fortis</strong></span> <span class='ocrx_word' id='word_1_235' title='bbox 2016 2615 2080 2662; x_wconf 92' lang='lat' dir='ltr'><strong>et</strong></span> 
     </span>
     <span class='ocr_line' id='line_1_30' title="bbox 117 2688 2078 2768; baseline 0.001 -20"><span class='ocrx_word' id='word_1_236' title='bbox 117 2688 373 2762; x_wconf 83' lang='lat' dir='ltr'><strong>humilis,</strong></span> <span class='ocrx_word' id='word_1_237' title='bbox 421 2690 522 2749; x_wconf 91' lang='lat' dir='ltr'><strong>ubi</strong></span> <span class='ocrx_word' id='word_1_238' title='bbox 570 2691 643 2750; x_wconf 91' lang='lat' dir='ltr'><strong>fic</strong></span> <span class='ocrx_word' id='word_1_239' title='bbox 691 2690 861 2750; x_wconf 92' lang='lat' dir='ltr'><strong>dicit:</strong></span> <span class='ocrx_word' id='word_1_240' title='bbox 913 2690 970 2750; x_wconf 89' lang='lat' dir='ltr'>O</span> <span class='ocrx_word' id='word_1_241' title='bbox 1021 2691 1174 2750; x_wconf 87' lang='lat' dir='ltr'><strong>mira</strong></span> <span class='ocrx_word' id='word_1_242' title='bbox 1218 2690 1505 2768; x_wconf 90' lang='lat' dir='ltr'><strong>potentia</strong></span> <span class='ocrx_word' id='word_1_243' title='bbox 1538 2702 1601 2749; x_wconf 90' lang='lat' dir='ltr'><strong>et</strong></span> <span class='ocrx_word' id='word_1_244' title='bbox 1634 2690 2078 2750; x_wconf 89' lang='lat' dir='ltr'><strong>inaestimabilis</strong></span> 
     </span>
     <span class='ocr_line' id='line_1_31' title="bbox 116 2777 2077 2860; baseline 0.002 -23"><span class='ocrx_word' id='word_1_245' title='bbox 116 2779 320 2860; x_wconf 89' lang='lat' dir='ltr'><strong>gratia</strong></span> <span class='ocrx_word' id='word_1_246' title='bbox 367 2777 716 2838; x_wconf 79' lang='lat' dir='ltr'><strong>salvatoris!</strong></span> <span class='ocrx_word' id='word_1_247' title='bbox 802 2779 954 2856; x_wconf 77' lang='lat' dir='ltr'><strong>Quis</strong></span> <span class='ocrx_word' id='word_1_248' title='bbox 1002 2777 1295 2858; x_wconf 90' lang='lat' dir='ltr'><strong>plebeum</strong></span> <span class='ocrx_word' id='word_1_249' title='bbox 1342 2779 1720 2857; x_wconf 91' lang='lat' dir='ltr'><strong>piscatorem</strong></span> <span class='ocrx_word' id='word_1_250' title='bbox 1767 2778 2077 2858; x_wconf 87' lang='lat' dir='ltr'><strong>apostolo-</strong></span> 
     </span>
     <span class='ocr_line' id='line_1_32' title="bbox 117 2866 2078 2950; baseline 0 -22"><span class='ocrx_word' id='word_1_251' title='bbox 117 2888 252 2928; x_wconf 89' lang='lat' dir='ltr'><strong>rum</strong></span> <span class='ocrx_word' id='word_1_252' title='bbox 299 2866 472 2928; x_wconf 90' lang='lat' dir='ltr'><strong>facile</strong></span> <span class='ocrx_word' id='word_1_253' title='bbox 522 2868 808 2927; x_wconf 90' lang='lat' dir='ltr'><strong>crederet</strong></span> <span class='ocrx_word' id='word_1_254' title='bbox 854 2868 1192 2947; x_wconf 90' lang='lat' dir='ltr'><strong>principem</strong></span> <span class='ocrx_word' id='word_1_255' title='bbox 1240 2868 1492 2949; x_wconf 89' lang='lat' dir='ltr'><strong>regibus</strong></span> <span class='ocrx_word' id='word_1_256' title='bbox 1542 2868 1841 2941; x_wconf 78' lang='lat' dir='ltr'><strong>obsistere,</strong></span> <span class='ocrx_word' id='word_1_257' title='bbox 1890 2889 2078 2950; x_wconf 90' lang='lat' dir='ltr'><strong>reges</strong></span> 
     </span>
     <span class='ocr_line' id='line_1_33' title="bbox 116 2955 2076 3037; baseline 0.001 -21"><span class='ocrx_word' id='word_1_258' title='bbox 116 2955 504 3029; x_wconf 85' lang='lat' dir='ltr'><strong>sanctificare,</strong></span> <span class='ocrx_word' id='word_1_259' title='bbox 538 2957 750 3036; x_wconf 91' lang='lat' dir='ltr'><strong>regnis</strong></span> <span class='ocrx_word' id='word_1_260' title='bbox 787 2957 1068 3016; x_wconf 88' lang='lat' dir='ltr'><strong>omnibus</strong></span> <span class='ocrx_word' id='word_1_261' title='bbox 1103 2958 1430 3037; x_wconf 84' lang='lat' dir='ltr'><strong>imperare,</strong></span> <span class='ocrx_word' id='word_1_262' title='bbox 1465 2957 1758 3016; x_wconf 91' lang='lat' dir='ltr'><strong>mundum</strong></span> <span class='ocrx_word' id='word_1_263' title='bbox 1791 2958 2076 3018; x_wconf 88' lang='lat' dir='ltr'><strong>fraenare</strong></span> 
     </span>
     <span class='ocr_line' id='line_1_34' title="bbox 117 3039 2076 3126; baseline 0.001 -22"><span class='ocrx_word' id='word_1_264' title='bbox 117 3039 376 3126; x_wconf 83' lang='lat' dir='ltr'><strong>legibuS‚</strong></span> <span class='ocrx_word' id='word_1_265' title='bbox 425 3045 768 3105; x_wconf 91' lang='lat' dir='ltr'><strong>daemones</strong></span> <span class='ocrx_word' id='word_1_266' title='bbox 817 3044 1052 3105; x_wconf 89' lang='lat' dir='ltr'><strong>calcare</strong></span> <span class='ocrx_word' id='word_1_267' title='bbox 1100 3045 1204 3105; x_wconf 93' lang='lat' dir='ltr'><strong>sub</strong></span> <span class='ocrx_word' id='word_1_268' title='bbox 1250 3047 1530 3124; x_wconf 81' lang='lat' dir='ltr'><strong>pedibuS,</strong></span> <span class='ocrx_word' id='word_1_269' title='bbox 1568 3045 1793 3124; x_wconf 91' lang='lat' dir='ltr'><strong>jubere</strong></span> <span class='ocrx_word' id='word_1_270' title='bbox 1842 3047 2076 3106; x_wconf 88' lang='lat' dir='ltr'><strong>virtuti-</strong></span> 
     </span>
     <span class='ocr_line' id='line_1_35' title="bbox 118 3132 2075 3214; baseline 0.001 -21"><span class='ocrx_word' id='word_1_271' title='bbox 118 3133 249 3207; x_wconf 84' lang='lat' dir='ltr'><strong>buS‚</strong></span> <span class='ocrx_word' id='word_1_272' title='bbox 309 3132 550 3194; x_wconf 91' lang='lat' dir='ltr'><strong>coelum</strong></span> <span class='ocrx_word' id='word_1_273' title='bbox 596 3134 942 3195; x_wconf 91' lang='lat' dir='ltr'><strong>hominibus</strong></span> <span class='ocrx_word' id='word_1_274' title='bbox 991 3136 1254 3214; x_wconf 86' lang='lat' dir='ltr'><strong>aperire,</strong></span> <span class='ocrx_word' id='word_1_275' title='bbox 1314 3156 1449 3195; x_wconf 91' lang='lat' dir='ltr'><strong>cum</strong></span> <span class='ocrx_word' id='word_1_276' title='bbox 1504 3133 1709 3208; x_wconf 82' lang='lat' dir='ltr'><strong>vellet,</strong></span> <span class='ocrx_word' id='word_1_277' title='bbox 1770 3133 2075 3208; x_wconf 85' lang='lat' dir='ltr'><strong>claudere,</strong></span> 
     </span>
     <span class='ocr_line' id='line_1_36' title="bbox 121 3221 2075 3306; baseline 0.002 -24"><span class='ocrx_word' id='word_1_278' title='bbox 121 3242 257 3283; x_wconf 90' lang='lat' dir='ltr'><strong>cum</strong></span> <span class='ocrx_word' id='word_1_279' title='bbox 303 3221 541 3294; x_wconf 79' lang='lat' dir='ltr'><strong>liberet,</strong></span> <span class='ocrx_word' id='word_1_280' title='bbox 590 3222 939 3284; x_wconf 90' lang='lat' dir='ltr'><strong>immortale</strong></span> <span class='ocrx_word' id='word_1_281' title='bbox 988 3245 1253 3306; x_wconf 88' lang='lat' dir='ltr'><strong>regnum</strong></span> <span class='ocrx_word' id='word_1_282' title='bbox 1301 3224 1606 3284; x_wconf 90' lang='lat' dir='ltr'><strong>converfis</strong></span> <span class='ocrx_word' id='word_1_283' title='bbox 1655 3224 1911 3298; x_wconf 84' lang='lat' dir='ltr'><strong>donare,</strong></span> <span class='ocrx_word' id='word_1_284' title='bbox 1966 3245 2075 3285; x_wconf 91' lang='lat' dir='ltr'><strong>ne-</strong></span> 
     </span>
     <span class='ocr_line' id='line_1_37' title="bbox 119 3311 2077 3394; baseline 0.002 -24"><span class='ocrx_word' id='word_1_285' title='bbox 119 3330 276 3392; x_wconf 86' lang='lat' dir='ltr'><strong>gare</strong></span> <span class='ocrx_word' id='word_1_286' title='bbox 322 3311 653 3390; x_wconf 81' lang='lat' dir='ltr'><strong>perverfi5‚</strong></span> <span class='ocrx_word' id='word_1_287' title='bbox 712 3313 933 3372; x_wconf 88' lang='lat' dir='ltr'><strong>merita</strong></span> <span class='ocrx_word' id='word_1_288' title='bbox 1001 3313 1208 3373; x_wconf 91' lang='lat' dir='ltr'><strong>mundi</strong></span> <span class='ocrx_word' id='word_1_289' title='bbox 1265 3332 1680 3394; x_wconf 83' lang='lat' dir='ltr'><strong>cognoscere,</strong></span> <span class='ocrx_word' id='word_1_290' title='bbox 1738 3312 1949 3393; x_wconf 91' lang='lat' dir='ltr'><strong>culpas</strong></span> <span class='ocrx_word' id='word_1_291' title='bbox 2013 3326 2077 3374; x_wconf 88' lang='lat' dir='ltr'><strong>et</strong></span> 
     </span>
     <span class='ocr_line' id='line_1_38' title="bbox 121 3399 2074 3464; baseline 0.002 -6"><span class='ocrx_word' id='word_1_292' title='bbox 121 3399 371 3459; x_wconf 90' lang='lat' dir='ltr'><strong>crimina</strong></span> <span class='ocrx_word' id='word_1_293' title='bbox 427 3400 769 3462; x_wconf 89' lang='lat' dir='ltr'><strong>hominibus</strong></span> <span class='ocrx_word' id='word_1_294' title='bbox 828 3399 1147 3462; x_wconf 87' lang='lat' dir='ltr'><strong>relaxare?</strong></span> <span class='ocrx_word' id='word_1_295' title='bbox 1242 3402 1300 3462; x_wconf 90' lang='lat' dir='ltr'>O</span> <span class='ocrx_word' id='word_1_296' title='bbox 1361 3400 1805 3463; x_wconf 90' lang='lat' dir='ltr'><strong>inaestimabilis</strong></span> <span class='ocrx_word' id='word_1_297' title='bbox 1854 3416 1918 3464; x_wconf 88' lang='lat' dir='ltr'><strong>et</strong></span> <span class='ocrx_word' id='word_1_298' title='bbox 1964 3403 2074 3462; x_wconf 90' lang='lat' dir='ltr'><strong>im-</strong></span> 
     </span>
     <span class='ocr_line' id='line_1_39' title="bbox 121 3487 2073 3569; baseline 0.002 -21"><span class='ocrx_word' id='word_1_299' title='bbox 121 3487 327 3548; x_wconf 89' lang='lat' dir='ltr'><strong>mensa</strong></span> <span class='ocrx_word' id='word_1_300' title='bbox 372 3490 662 3566; x_wconf 80' lang='lat' dir='ltr'><strong>potestaS,</strong></span> <span class='ocrx_word' id='word_1_301' title='bbox 709 3490 1023 3551; x_wconf 91' lang='lat' dir='ltr'><strong>hominem</strong></span> <span class='ocrx_word' id='word_1_302' title='bbox 1070 3492 1128 3549; x_wconf 92' lang='lat' dir='ltr'><strong>in</strong></span> <span class='ocrx_word' id='word_1_303' title='bbox 1178 3503 1346 3550; x_wconf 89' lang='lat' dir='ltr'><strong>terra</strong></span> <span class='ocrx_word' id='word_1_304' title='bbox 1384 3491 1646 3569; x_wconf 89' lang='lat' dir='ltr'><strong>pofitum</strong></span> <span class='ocrx_word' id='word_1_305' title='bbox 1678 3505 1895 3552; x_wconf 92' lang='lat' dir='ltr'><strong>tenere</strong></span> <span class='ocrx_word' id='word_1_306' title='bbox 1930 3513 2073 3552; x_wconf 88' lang='lat' dir='ltr'><strong>coe-</strong></span> 
     </span>
    </p>
   </div>
  </div>
 </body>
</html>
